2804 4734
642 467 831 572 (70)

263 707 351 801 opus
380 709 443 796 sit,
468 703 515 780 'in
542 707 613 780 rein
633 709 842 804 praesentem
864 707 978 780 'veniat
1000 701 1110 804 Regis
1127 729 1210 804 pro·

257 867 421 934 curator,
470 849 632 920 comitem
672 867 711 921 se
743 845 853 943 judici
887 847 1083 943 adjungens.
1151 849 1211 921 Ab

257 981 401 1060 'eandem
433 1007 573 1082 quoqne
603 987 745 1081 primurn
776 1003 812 1058 et
842 987 1031 1079 proximam
1061 985 1132 1058 litis
1157 990 1210 1060 in·-

259 1125 449 1198 stitnendae
484 1131 625 1200 ‘causam
659 1145 700 1196 ea
730 1123 847 1198 referri
885 1143 1023 1218 potest,
1066 1126 1109 1196 de
1141 1127 1208 1219 qun

258 1266 371 1360 agitur
399 1267 434 1336 in
464 1265 526 1336 ar't.
559 1283 628 1358 235
650 1262 744 1336 Cori.
775 1265 836 1336 cir.
885 1261 960 1337 Hac
989 1266 1080 1334 enirn
1108 1263 1209 1359 lege,

254 1403 523 1497 prudentissimo
544 1403 595 1474 uti
617 1402 751 1474 videtur
774 1399 945 1486 consilio,
982 1402 1208 1475 tribunalibus

260 1541 494 1636 superioribus
515 1561 602 1636 qnae
632 1561 677 1613 eo
706 1545 861 1634 ternpore
886 1539 998 1612 Cours
1019 1541 1206 1636 imperiale

258 1679 539 1775 appellabantur,
574 1681 666 1773 apud
693 1681 757 1752 uo‘s
785 1701 871 1752 veto
892 1699 982 1752 nunc
1006 1677 1127 1775 Hoogc
1144 1702 1206 1776 ge-

261 1819 472 1918 regtsnoven
495 1817 676 1904 dicuntur,
711 1817 802 1891 fccta
823 1819 875 1889 es't
904 1819 1108 1904 auctoritas,
1142 1819 1205 1906 ut‘,

259 1981 365 2052 quum
389 1981 432 2031 ex
454 1961 703 2044 instrumentis,
725 1957 769 2030 ad
779 1956 873 2030 litem
883 1958 1109 2030 instruendam
1121 1979 1205 2030 con·

259 2096 361 2172 fectis
402 2097 537 2188 sibique
569 2095 757 2182 exhibitis,
800 2115 839 2168 ut
872 2095 1054 2169 decernant
1091 2117 1204 2170 utrum

256 2255 335 2308 reus
363 2233 586 2327 postulandus
617 2236 661 2304 sit
690 2233 852 2323 crimine,
888 2255 929 2306 an
962 2235 1044 2307 v'ero
1071 2225 1204 2326 minus,

257 2369 439 2466 probabile
463 2373 529 2443 sibi
560 2371 732 2458 videatur,
761 2373 894 2446 causant
924 2393 994 2445 non
1015 2377 1079 2446 rite
1101 2375 1205 2448 fuisse

255 2512 445 2584 ordinatam
471 2530 506 2583 et
527 2513 744 2598 insuuctarn,
770 2512 913 2584 fortasse
933 2513 980 2584 ob
1002 2511 1205 2606 deliquentis

255 2651 481 2748 dignitatem,
521 2649 577 2722 vel
609 2673 652 2723 ex
684 2652 830 2744 partium
862 2616 976 2724 stuclio
1007 2651 1139 2745 aliique
1162 2651 1205 2724 de

254 2811 379 2877 causa,
415 2811 485 2863 tuna
517 2791 692 2883 superiora
720 2787 779 2861 illa
807 2787 987 2861 tribunalia
1006 2790 1147 2884 jubeant
1169 2791 1204 2862 in

256 2935 385 3002 crimen
414 2929 470 3003 vel
494 2929 656 3004 delictum
678 2930 869 3022 inquirere,
894 2930 1040 3024 reosque
1064 2933 1098 3002 in
1114 2929 1204 3026 judl-

253 3073 313 3142 cio
336 3071 506 3162 persequi.

302 3207 478 3281 Praeclare
506 3210 612 3302 igitur
640 3205 810 3303 Principis
834 3207 1047 3280 consiliarius
1070 3205 1204 3282 Treru-

253 3347 377 3433 urin,
421 3325 456 3418 in
493 3349 646 3418 oratione
677 3367 745 3439 qua
775 3345 912 3441 legent,
948 3348 1086 3418 nomine
1110 3347 1203 3420 illius

252 3485 314 3574 qui
355 3481 399 3554 e'o
442 3503 595 3578 tempore
641 3455 853 3578 reipublicae
895 3485 1125 3580 gubernacula
1162 3504 1203 3557 st

246 3619 435 3710 'imperium
464 3613 626 3712 tenebat,
673 3621 953 3710 commendavit,
983 3625 1107 3698 dixisse
1139 3627 1201 3698 ml·

1158 3761 1200 3834 ¹hi
