2804 4734
675 427 705 525 ’(
754 423 800 524 ’36
846 428 872 524 )

708 706 730 801 i
765 703 840 780 111.

298 937 377 1038 ‘Qui
400 957 588 1039 tamquam
616 941 713 1016 artis
728 937 1107 1035 periti-testimonium
1127 936 1253 1032 dicero

549 1085 552 1092 '
624 1095 631 1108 ‘
640 1077 895 1176 prohibentur.

298 1343 307 1378 ²
342 1329 503 1446 Restat(
524 1373 563 1430 ut
590 1357 709 1450 paucis
739 1355 890 1432 dicamus
912 1356 954 1430 de
968 1355 1137 1454 iegibus,
1168 1364 1246 1457 qnia

181 1479 187 1488 ¹
292 1497 359 1572 bus
393 1495 615 1592 prohibetur,
647 1497 833 1590 ‘quominus
868 1497 1049 1580 nonnulli,
1095 1501 1143 1575 nb
1175 1503 1242 1576 cri·

293 1659 372 1710 men
406 1635 463 1708 vel
493 1634 657 1710 delictum
687 1634 731 1708 ad
759 1655 905 1729 poenam
929 1634 1100 1724 damnati,
1147 1637 1244 1735 flagi·
1368 1611 1373 1620 ⁴

291 1779 374 1849 tiosi
408 1777 593 1862 homines,
629 1795 800 1868 tamquam
832 1775 868 1846 in
901 1791 972 1846 arte
1005 1777 1243 1870 experientes,

291 1913 335 1987 nd
365 1913 506 2009 negotia
536 1911 677 2006 publica
710 1913 938 1986 admittantur.
986 1911 1243 2010 Quumenim,

290 2034 343 2124 uti
365 2053 538 2137 vidimus,
567 2048 658 2121 haud
677 2048 764 2121 levis
787 2051 850 2136 sit,
879 2049 922 2124 ad
942 2051 1068 2145 iudicis
1090 2056 1241 2139 animum

272 2189 334 2261 'de
357 2189 407 2260 rei
423 2175 610 2283 'cujusdam
632 2188 776 2260 veritate
799 2189 1071 2267 convincendum
1082 2192 1167 2278 „nd
1186 2178 1240 2278 re·

288 2347 331 2400 os
353 2323 409 2398 vel
430 2324 637 2398 damnandos
658 2325 701 2400 ad
720 2347 889 2421 poenam,
921 2328 977 2401 vel
998 2331 1092 2424 ipsos
1109 2331 1158 2404 ab
1181 2353 1240 2408 nc·

288 2467 466 2541 cusatione
485 2463 703 2551 liberandos,
725 2467 806 2538 artis
831 2469 1020 2559 peritorum
1052 2473 1239 2556 testimonii

285 2607 494 2692 auctoritas,
519 2605 706 2677 meritone
729 2605 994 2698 prudentissimo
1008 2607 1166 2688 consilio
1188 2608 1237 2684 le·

286 2747 389 2841 gibus
413 2760 570 2831 cavetur,
600 2763 644 2813 ne
666 2742 710 2815 ad
730 2739 816 2816 illud
839 2747 1016 2839 negotium
1039 2746 1237 2824 illiadmiu

287 2897 421 2975 tantur,
455 2873 602 2978 quntum
628 2879 732 2968 fides,
767 2883 815 2956 ob
839 2885 969 2956 crimen
990 2853 1234 2978 commissum,

284 3041 356 3096 non
384 3039 507 3118 potest·
522 3043 593 3096 non
616 3041 691 3094 esse
709 3019 795 3098 adeo
816 3023 976 3119 ambigua
997 3043 1033 3097 et
1054 3047 1247 3121 suspectu,¹

282 3179 324 3264 ut
343 3183 462 3235 eorum
485 3162 709 3246 testimonio,
730 3158 869 3232 illorum
881 3163 1126 3242 assertionibus
1147 3163 1232 3238 fides

148 3301 154 3310 '
282 3299 579 3400 adjungenda-non
592 3302 647 3370 sit.
695 3295 810 3392 Atque
823 3299 892 3372 hoc
903 3301 1040 3394 quiden
1052 3302 1138 3378 adeo
1157 3324 1230 3380 rec·

281 3452 319 3514 ie
347 3416 411 3529 pe'r
427 3438 522 3533 leges
536 3439 765 3522 *constitutum
785 3438 886 3510 nobis
907 3438 1060 3528 videtur,
1075 3459 1142 3532 ut,
1167 3445 1229 3516 eti·

281 3573 367 3644 unsi
388 3571 446 3644 lex
479 3591 629 3661 taceret,
651 3595 770 3646 turnen¹
780 3576 907 3672 Judicis
926 3599 1015 3660 esset
1031 3549 1172 3666 illumin
1184 3582 1229 3656 de

281 3708 408 3810 quibus
431 3707 794 3788 diximus·testim0nio
817 3737 936 3811 parum
964 3737 1023 3795 aut
1043 3720 1131 3806 nihil
1149 3719 1231 3796 fidei
