2804 4734
678 433 867 530 (¹2)

298 676 366 751 mis
386 670 596 766 temporibus
618 693 638 743 s
662 671 778 744 multis
800 667 1049 764 scriptoribus,
1080 689 1150 742 non
1172 671 1247 742 sine

297 809 414 882 multo
445 813 504 903 qui
527 810 606 882 inde
627 812 661 880 in
684 811 784 904 leges
810 828 845 882 et
863 808 1247 906 judiciorumordinem

297 947 499 1020 redundavit
521 947 659 1034 fmctu,
689 946 903 1030 enucleatam,
922 947 1179 1037 quaestionem,
1203 965 1247 1028 an

302 1089 409 1160 certis
431 1083 589 1158 formulis
599 1105 635 1157 et
656 1086 896 1178 probationum
917 1084 1100 1177 speciebus
1119 1080 1249 1177 judicis

300 1226 476 1316 persuasio
496 1223 819 1317 adstringendnsit,
844 1223 1085 1313 cumpptimis
1107 1221 1248 1314 quibus·

270 1339 275 1352 ’
302 1365 356 1432 uis
380 1361 604 1454 scriptoribus
632 1359 903 1451 respondendum
931 1325 1087 1452 uidetur,
1113 1357 1249 1430 liberri-

299 1520 392 1570 mam
423 1519 496 1570 esse
515 1517 676 1592 oportere
695 1498 820 1591 judicis
843 1499 1112 1594 conscientiam,
1137 1497 1171 1568 iu
1193 1515 1248 1582 se,-

295 1636 467 1713 sonanda
485 1639 531 1708 ui
572 1609 1247 1736 probotionisname,i'ti.·'i'zi}nnmdum‚

301 1797 404 1868 quam
417 1741 1068 1886 sdsbsuiveniium·mutm·'Neutsmen
1089 1771 1168 1850 ideo
1189 1793 1247 1844 ue·

299 1934 443 2008 gamus,
457 1911 640 2003 prudenter
660 1911 828 2004 perleges
851 1891 1017 1986 constitui
1032 1932 1073 1986 ac
1095 1910 1244 1996 definiti,

304 2072 373 2142 qun
401 2052 532 2121 ratione
564 2050 782 2124 mstmmenn
809 2071 843 2122 v.
869 2071 903 2122 c.
926 2047 1245 2133 sintconficiends,

299 2205 364 2258 out
385 2185 510 2277 quibus
532 2185 743 2258 solemnibus
766 2185 927 2260 adhibitis
952 2187 1182 2260 testimouium
1203 2189 1247 2258 sit

300 2323 474 2414 dandum,
490 2383 494 2392 .
512 2341 569 2396 aut
586 2343 688 2418 ‘quse
719 2326 771 2394 sit.
796 2343 831 2396 et
849 2343 982 2416 (quantu,
999 2322 1246 2425 ¹nonnullorum
1347 2330 1351 2340 '

305 2464 603 2536 instrumentorum
625 2465 688 2532 rite
702 2465 906 2554 scriptorum
927 2466 1130 2560 auctoritem
1154 2461 1248 2556 quod
1292 2508 1295 2514 -
1388 2552 1393 2581 Ι

307 2621 385 2672 sone
402 2620 507 2693 neque
520 2603 553 2670 in
566 2599 745 2680 utilitatem
766 2619 1005 2696 aecusatorum,
1024 2622 1124 2694 quom
1142 2603 1246 2695 ipsius

306 2741 454 2810 civitatis
473 2738 545 2809 fieri
563 2756 722 2830 apparet,
746 2740 800 2808 uti
823 2737 923 2810 latius
945 2737 1031 2809 infra
1052 2740 1115 2810 erit
1133 2738 1247 2812 dicen·

309 2879 417 2958 dium..
434 2874 617 2949 ,Universe
634 2896 716 2946 vero
734 2894 901 2969 tamquam
919 2875 1043 2970 regulo
1062 2875 1247 2984 generuiis,

311 3019 411 3110 quim
433 3014 530 3116 JCti
526 3014 708 3113 Romani
698 3035 739 3092 ιιι
755 3016 873 3094 causis
878 2986 1025 3118 privatis
1046 3035 1081 3088 et
1092 3014 1247 3088 ctvtlrbus

306 3173 580 3247 proposuerunt,
605 3154 706 3224 etium
737 3155 771 3222 in
794 3137 1049 3266 quaestionibus
1071 3153 1249 3225 criminum

298 3293 419 3364 valent
438 3291 675 3384 principium:
689 3288 916 3378 totumillud,
941 3290 1023 3361 side
1040 3288 1248 3384 iautoquae·

309 3448 418 3512 ratur,
449 3431 484 3498 in
505 3428 629 3522 judicis
652 3447 819 3520 potestate
843 3429 887 3498 sit
908 3446 946 3500 ur
968 3446 1107 3518 statuet,
1138 3449 1250 3502 utrum

311 3567 390 3636 satis
417 3566 482 3638 sibi
505 3553 686 3659 probatum
710 3568 753 3640 sit
776 3567 812 3640 id
835 3565 877 3653 de
899 3589 970 3662 quo
992 3570 1185 3663 quaeritur,
1203 3587 1250 3640 nn

1191 3721 1252 3780 ve·
