<?xml version="1.0" encoding="UTF-8"?>
<!DOCTYPE html PUBLIC "-//W3C//DTD XHTML 1.0 Transitional//EN"
    "http://www.w3.org/TR/xhtml1/DTD/xhtml1-transitional.dtd">
<html xmlns="http://www.w3.org/1999/xhtml" xml:lang="en" lang="en">
 <head>
  <title>
</title>
<meta http-equiv="Content-Type" content="text/html;charset=utf-8" />
  <meta name='ocr-system' content='tesseract 3.04.00' />
  <meta name='ocr-capabilities' content='ocr_page ocr_carea ocr_par ocr_line ocrx_word'/>
</head>
<body>
  <div class='ocr_page' id='page_1' title='image "./deinstrumentisq00busggoog_0103.png"; bbox 0 0 2800 4744; ppageno 0'>
   <div class='ocr_carea' id='block_1_1' title="bbox 648 417 837 512">
    <p class='ocr_par' dir='ltr' id='par_1_1' title="bbox 648 417 837 512">
     <span class='ocr_line' id='line_1_1' title="bbox 648 417 837 512; baseline 0 0"><span class='ocrx_word' id='word_1_1' title='bbox 648 417 837 512; x_wconf 82' lang='lat'>(88)</span> 
     </span>
    </p>
   </div>
   <div class='ocr_carea' id='block_1_2' title="bbox 243 653 1220 2420">
    <p class='ocr_par' dir='ltr' id='par_1_2' title="bbox 249 653 1220 1580">
     <span class='ocr_line' id='line_1_2' title="bbox 249 653 1213 752; baseline 0.001 -21"><span class='ocrx_word' id='word_1_2' title='bbox 249 707 251 716; x_wconf 69' lang='lat'><em>,</em></span> <span class='ocrx_word' id='word_1_3' title='bbox 279 678 397 731; x_wconf 82' lang='lat' dir='ltr'><strong>eorum</strong></span> <span class='ocrx_word' id='word_1_4' title='bbox 424 656 533 728; x_wconf 86' lang='lat' dir='ltr'><strong>forma</strong></span> <span class='ocrx_word' id='word_1_5' title='bbox 546 705 562 740; x_wconf 82' lang='lat'><strong>,·</strong></span> <span class='ocrx_word' id='word_1_6' title='bbox 593 653 742 748; x_wconf 87' lang='lat' dir='ltr'><strong>quidque</strong></span> <span class='ocrx_word' id='word_1_7' title='bbox 764 657 810 728; x_wconf 90' lang='lat' dir='ltr'><strong>iis</strong></span> <span class='ocrx_word' id='word_1_8' title='bbox 837 655 1080 748; x_wconf 81' lang='lat' dir='ltr'>comprehendi</span> <span class='ocrx_word' id='word_1_9' title='bbox 1111 673 1213 752; x_wconf 79' lang='lat' dir='ltr'><strong>opur÷</strong></span> 
     </span>
     <span class='ocr_line' id='line_1_3' title="bbox 279 767 1220 888; baseline 0.002 -22"><span class='ocrx_word' id='word_1_10' title='bbox 279 767 357 866; x_wconf 70' lang='lat' dir='ltr'><strong>real.</strong></span> <span class='ocrx_word' id='word_1_11' title='bbox 399 793 518 866; x_wconf 78' lang='lat' dir='ltr'><strong>Paucis</strong></span> <span class='ocrx_word' id='word_1_12' title='bbox 542 793 578 864; x_wconf 88' lang='lat' dir='ltr'><strong>id</strong></span> <span class='ocrx_word' id='word_1_13' title='bbox 599 793 671 866; x_wconf 86' lang='lat' dir='ltr'><strong>lieri</strong></span> <span class='ocrx_word' id='word_1_14' title='bbox 694 815 796 886; x_wconf 87' lang='lat' dir='ltr'><strong>posse</strong></span> <span class='ocrx_word' id='word_1_15' title='bbox 819 795 1085 885; x_wconf 69' lang='lat' dir='ltr'><strong>substruatur,</strong></span> <span class='ocrx_word' id='word_1_16' title='bbox 1111 817 1220 888; x_wconf 71' lang='lat' dir='ltr'><strong>quan»</strong></span> 
     </span>
     <span class='ocr_line' id='line_1_4' title="bbox 277 931 1213 1027; baseline 0 -23"><span class='ocrx_word' id='word_1_17' title='bbox 277 932 458 1024; x_wconf 85' lang='lat' dir='ltr'><strong>daquidem</strong></span> <span class='ocrx_word' id='word_1_18' title='bbox 480 931 574 1026; x_wconf 80' lang='lat' dir='ltr'><strong>leges</strong></span> <span class='ocrx_word' id='word_1_19' title='bbox 597 931 660 1004; x_wconf 85' lang='lat' dir='ltr'><strong>hac</strong></span> <span class='ocrx_word' id='word_1_20' title='bbox 682 932 723 1002; x_wconf 90' lang='lat' dir='ltr'><strong>de</strong></span> <span class='ocrx_word' id='word_1_21' title='bbox 743 951 779 1002; x_wconf 90' lang='lat' dir='ltr'><strong>re</strong></span> <span class='ocrx_word' id='word_1_22' title='bbox 802 935 946 1024; x_wconf 78' lang='lat' dir='ltr'><strong>scriptae</strong></span> <span class='ocrx_word' id='word_1_23' title='bbox 966 954 1107 1006; x_wconf 86' lang='lat' dir='ltr'><strong>numero</strong></span> <span class='ocrx_word' id='word_1_24' title='bbox 1122 957 1213 1027; x_wconf 81' lang='lat' dir='ltr'><strong>pau-</strong></span> 
     </span>
     <span class='ocr_line' id='line_1_5' title="bbox 275 1068 1212 1164; baseline 0 -21"><span class='ocrx_word' id='word_1_25' title='bbox 275 1091 335 1144; x_wconf 84' lang='lat' dir='ltr'><strong>cae</strong></span> <span class='ocrx_word' id='word_1_26' title='bbox 369 1068 478 1155; x_wconf 75' lang='lat' dir='ltr'><strong>sunt,&#39;</strong></span> <span class='ocrx_word' id='word_1_27' title='bbox 501 1088 536 1140; x_wconf 84' lang='lat' dir='ltr'><strong>et</strong></span> <span class='ocrx_word' id='word_1_28' title='bbox 569 1070 722 1140; x_wconf 84' lang='lat' dir='ltr'><strong>universe</strong></span> <span class='ocrx_word' id='word_1_29' title='bbox 749 1071 928 1164; x_wconf 89' lang='lat' dir='ltr'><strong>perspicue</strong></span> <span class='ocrx_word' id='word_1_30' title='bbox 949 1072 1109 1162; x_wconf 77' lang='lat' dir='ltr'><strong>scriptae.</strong></span> <span class='ocrx_word' id='word_1_31' title='bbox 1125 1071 1212 1160; x_wconf 75' lang='lat' dir='ltr'><strong>aa</strong></span> 
     </span>
     <span class='ocr_line' id='line_1_6' title="bbox 276 1195 1212 1302; baseline 0.002 -22"><span class='ocrx_word' id='word_1_32' title='bbox 276 1209 345 1280; x_wconf 86' lang='lat' dir='ltr'><strong>lroc</strong></span> <span class='ocrx_word' id='word_1_33' title='bbox 369 1209 520 1292; x_wconf 86' lang='lat' dir='ltr'><strong>accedit,</strong></span> <span class='ocrx_word' id='word_1_34' title='bbox 544 1207 638 1301; x_wconf 88' lang='lat' dir='ltr'><strong>quod</strong></span> <span class='ocrx_word' id='word_1_35' title='bbox 660 1207 764 1293; x_wconf 88' lang='lat' dir='ltr'><strong>infra,</strong></span> <span class='ocrx_word' id='word_1_36' title='bbox 789 1210 823 1284; x_wconf 86' lang='lat' dir='ltr'><strong>in</strong></span> <span class='ocrx_word' id='word_1_37' title='bbox 847 1205 1006 1302; x_wconf 78' lang='lat' dir='ltr'><strong>singulari</strong></span> <span class='ocrx_word' id='word_1_38' title='bbox 1023 1207 1126 1296; x_wconf 86' lang='lat' dir='ltr'><strong>loeo,</strong></span> <span class='ocrx_word' id='word_1_39' title='bbox 1149 1195 1212 1292; x_wconf 75' lang='lat' dir='ltr'><strong>ne.-</strong></span> 
     </span>
     <span class='ocr_line' id='line_1_7' title="bbox 276 1345 1213 1440; baseline -0.002 -20"><span class='ocrx_word' id='word_1_40' title='bbox 276 1349 330 1420; x_wconf 91' lang='lat' dir='ltr'><strong>bis</strong></span> <span class='ocrx_word' id='word_1_41' title='bbox 352 1369 416 1439; x_wconf 87' lang='lat' dir='ltr'><strong>pro</strong></span> <span class='ocrx_word' id='word_1_42' title='bbox 435 1346 563 1418; x_wconf 88' lang='lat' dir='ltr'><strong>viribus</strong></span> <span class='ocrx_word' id='word_1_43' title='bbox 585 1345 750 1440; x_wconf 86' lang='lat' dir='ltr'><strong>agendum</strong></span> <span class='ocrx_word' id='word_1_44' title='bbox 759 1347 824 1416; x_wconf 88' lang='lat' dir='ltr'><strong>erit</strong></span> <span class='ocrx_word' id='word_1_45' title='bbox 835 1345 877 1418; x_wconf 89' lang='lat' dir='ltr'><strong>de</strong></span> <span class='ocrx_word' id='word_1_46' title='bbox 899 1345 1071 1420; x_wconf 87' lang='lat' dir='ltr'><strong>nonnullis</strong></span> <span class='ocrx_word' id='word_1_47' title='bbox 1094 1369 1213 1439; x_wconf 87' lang='lat' dir='ltr'><strong>quaes·</strong></span> 
     </span>
     <span class='ocr_line' id='line_1_8' title="bbox 274 1483 1217 1580; baseline 0.001 -24"><span class='ocrx_word' id='word_1_48' title='bbox 274 1485 426 1558; x_wconf 90' lang='lat' dir='ltr'><strong>tionibus</strong></span> <span class='ocrx_word' id='word_1_49' title='bbox 451 1485 722 1572; x_wconf 47' lang='lat' dir='ltr'><strong>contrauersim„</strong></span> <span class='ocrx_word' id='word_1_50' title='bbox 738 1504 830 1576; x_wconf 83' lang='lat' dir='ltr'><strong>quae¹</strong></span> <span class='ocrx_word' id='word_1_51' title='bbox 860 1483 1039 1558; x_wconf 86' lang='lat' dir='ltr'><strong>formulam</strong></span> <span class='ocrx_word' id='word_1_52' title='bbox 1058 1504 1217 1580; x_wconf 85' lang='lat' dir='ltr'><strong>spectant·</strong></span> 
     </span>
    </p>

    <p class='ocr_par' dir='ltr' id='par_1_3' title="bbox 243 1623 578 1704">
     <span class='ocr_line' id='line_1_9' title="bbox 243 1623 578 1704; baseline -0.012 -6"><span class='ocrx_word' id='word_1_53' title='bbox 243 1655 246 1664; x_wconf 60' lang='grc'>’</span> <span class='ocrx_word' id='word_1_54' title='bbox 271 1623 578 1704; x_wconf 82' lang='lat' dir='ltr'><strong>instrumentorum.</strong></span> 
     </span>
    </p>

    <p class='ocr_par' dir='ltr' id='par_1_4' title="bbox 268 1760 1214 2420">
     <span class='ocr_line' id='line_1_10' title="bbox 283 1760 1211 1858; baseline 0.004 -22"><span class='ocrx_word' id='word_1_55' title='bbox 283 1791 292 1804; x_wconf 92' lang='lat'>·</span> <span class='ocrx_word' id='word_1_56' title='bbox 318 1760 358 1836; x_wconf 88' lang='lat' dir='ltr'><strong>In</strong></span> <span class='ocrx_word' id='word_1_57' title='bbox 381 1781 597 1856; x_wconf 80' lang='lat' dir='ltr'><strong>argumento,</strong></span> <span class='ocrx_word' id='word_1_58' title='bbox 619 1760 664 1834; x_wconf 86' lang='lat' dir='ltr'><strong>de</strong></span> <span class='ocrx_word' id='word_1_59' title='bbox 684 1783 755 1854; x_wconf 92' lang='lat' dir='ltr'><strong>quo</strong></span> <span class='ocrx_word' id='word_1_60' title='bbox 766 1760 835 1838; x_wconf 88' lang='lat' dir='ltr'><strong>hoc</strong></span> <span class='ocrx_word' id='word_1_61' title='bbox 859 1760 942 1834; x_wconf 85' lang='lat' dir='ltr'><strong>locu</strong></span> <span class='ocrx_word' id='word_1_62' title='bbox 954 1762 1118 1858; x_wconf 84' lang='lat' dir='ltr'><strong>agendum</strong></span> <span class='ocrx_word' id='word_1_63' title='bbox 1138 1783 1211 1848; x_wconf 75' lang='lat' dir='ltr'><strong>ests·</strong></span> 
     </span>
     <span class='ocr_line' id='line_1_11' title="bbox 272 1899 1214 2006; baseline 0.007 -35"><span class='ocrx_word' id='word_1_64' title='bbox 272 1919 314 1972; x_wconf 86' lang='lat' dir='ltr'><strong>ea</strong></span> <span class='ocrx_word' id='word_1_65' title='bbox 344 1903 474 1972; x_wconf 88' lang='lat' dir='ltr'><strong>ratione</strong></span> <span class='ocrx_word' id='word_1_66' title='bbox 500 1899 754 1993; x_wconf 85' lang='lat' dir='ltr'><strong>procedendum</strong></span> <span class='ocrx_word' id='word_1_67' title='bbox 776 1899 875 1971; x_wconf 91' lang='lat' dir='ltr'><strong>nobis</strong></span> <span class='ocrx_word' id='word_1_68' title='bbox 893 1900 1051 1988; x_wconf 81' lang='lat' dir='ltr'><strong>videtur,</strong></span> <span class='ocrx_word' id='word_1_69' title='bbox 1085 1921 1128 1976; x_wconf 90' lang='lat' dir='ltr'><strong>ut.</strong></span> <span class='ocrx_word' id='word_1_70' title='bbox 1146 1905 1214 2006; x_wconf 60' lang='lat' dir='ltr'><strong>sina,</strong></span> 
     </span>
     <span class='ocr_line' id='line_1_12' title="bbox 270 2033 1211 2130; baseline 0.006 -24"><span class='ocrx_word' id='word_1_71' title='bbox 270 2033 361 2130; x_wconf 85' lang='lat' dir='ltr'><strong>gulis</strong></span> <span class='ocrx_word' id='word_1_72' title='bbox 383 2035 536 2130; x_wconf 83' lang='lat' dir='ltr'><strong>legibus,</strong></span> <span class='ocrx_word' id='word_1_73' title='bbox 575 2038 611 2108; x_wconf 91' lang='lat' dir='ltr'><strong>in</strong></span> <span class='ocrx_word' id='word_1_74' title='bbox 634 2037 758 2129; x_wconf 80' lang='lat' dir='ltr'><strong>quibus</strong></span> <span class='ocrx_word' id='word_1_75' title='bbox 781 2036 926 2110; x_wconf 82' lang='lat' dir='ltr'><strong>formula</strong></span> <span class='ocrx_word' id='word_1_76' title='bbox 949 2041 1211 2130; x_wconf 83' lang='lat' dir='ltr'><strong>praescribitur,</strong></span> 
     </span>
     <span class='ocr_line' id='line_1_13' title="bbox 270 2172 1210 2248; baseline 0.004 -4"><span class='ocrx_word' id='word_1_77' title='bbox 270 2175 305 2244; x_wconf 89' lang='lat' dir='ltr'><strong>in</strong></span> <span class='ocrx_word' id='word_1_78' title='bbox 317 2175 542 2246; x_wconf 83' lang='lat' dir='ltr'><strong>instrumentis</strong></span> <span class='ocrx_word' id='word_1_79' title='bbox 557 2175 627 2245; x_wconf 87' lang='lat' dir='ltr'><strong>sive</strong></span> <span class='ocrx_word' id='word_1_80' title='bbox 637 2172 764 2245; x_wconf 87' lang='lat' dir='ltr'><strong>libellis</strong></span> <span class='ocrx_word' id='word_1_81' title='bbox 782 2175 824 2247; x_wconf 87' lang='lat' dir='ltr'><strong>de</strong></span> <span class='ocrx_word' id='word_1_82' title='bbox 832 2177 1024 2248; x_wconf 90' lang='lat' dir='ltr'><strong>criminibus</strong></span> <span class='ocrx_word' id='word_1_83' title='bbox 1035 2176 1210 2248; x_wconf 90' lang='lat' dir='ltr'><strong>etdelictis</strong></span> 
     </span>
     <span class='ocr_line' id='line_1_14' title="bbox 268 2310 1210 2420; baseline 0.004 -36"><span class='ocrx_word' id='word_1_84' title='bbox 268 2310 454 2420; x_wconf 75' lang='lat' dir='ltr'><strong>scribendis</strong></span> <span class='ocrx_word' id='word_1_85' title='bbox 477 2310 700 2398; x_wconf 88' lang='lat' dir='ltr'><strong>observanda,</strong></span> <span class='ocrx_word' id='word_1_86' title='bbox 728 2314 889 2406; x_wconf 87' lang='lat' dir='ltr'><strong>quasdam</strong></span> <span class='ocrx_word' id='word_1_87' title='bbox 911 2313 1210 2420; x_wconf 79' lang='lat' dir='ltr'><strong>animadversiones</strong></span> 
     </span>
    </p>
   </div>
   <div class='ocr_carea' id='block_1_3' title="bbox 267 2429 1209 2550">
    <p class='ocr_par' dir='ltr' id='par_1_5' title="bbox 267 2429 1209 2550">
     <span class='ocr_line' id='line_1_15' title="bbox 267 2429 1209 2550; baseline 0.006 -32"><span class='ocrx_word' id='word_1_88' title='bbox 267 2447 497 2546; x_wconf 80' lang='lat' dir='ltr'><strong>subjiciamus,</strong></span> <span class='ocrx_word' id='word_1_89' title='bbox 508 2450 722 2545; x_wconf 81' lang='lat' dir='ltr'><strong>quibuscum</strong></span> <span class='ocrx_word' id='word_1_90' title='bbox 739 2451 870 2525; x_wconf 85' lang='lat' dir='ltr'><strong>illarum</strong></span> <span class='ocrx_word' id='word_1_91' title='bbox 882 2452 993 2550; x_wconf 85' lang='lat' dir='ltr'><strong>legum</strong></span> <span class='ocrx_word' id='word_1_92' title='bbox 1004 2455 1103 2525; x_wconf 85' lang='lat' dir='ltr'><strong>verba</strong></span> <span class='ocrx_word' id='word_1_93' title='bbox 1114 2429 1209 2524; x_wconf 56' lang='lat' dir='ltr'><strong>illusss</strong></span> 
     </span>
    </p>
   </div>
   <div class='ocr_carea' id='block_1_4' title="bbox 255 2589 1209 3512">
    <p class='ocr_par' dir='ltr' id='par_1_6' title="bbox 266 2589 1209 2686">
     <span class='ocr_line' id='line_1_16' title="bbox 266 2589 1209 2686; baseline 0.005 -28"><span class='ocrx_word' id='word_1_94' title='bbox 266 2605 411 2686; x_wconf 86' lang='lat' dir='ltr'><strong>trantur,</strong></span> <span class='ocrx_word' id='word_1_95' title='bbox 431 2607 501 2661; x_wconf 89' lang='lat' dir='ltr'><strong>tum</strong></span> <span class='ocrx_word' id='word_1_96' title='bbox 518 2611 600 2662; x_wconf 90' lang='lat' dir='ltr'><strong>vero</strong></span> <span class='ocrx_word' id='word_1_97' title='bbox 616 2592 716 2661; x_wconf 89' lang='lat' dir='ltr'><strong>etiam</strong></span> <span class='ocrx_word' id='word_1_98' title='bbox 738 2589 871 2663; x_wconf 89' lang='lat' dir='ltr'><strong>illarum</strong></span> <span class='ocrx_word' id='word_1_99' title='bbox 897 2612 990 2662; x_wconf 86' lang='lat' dir='ltr'><strong>mens</strong></span> <span class='ocrx_word' id='word_1_100' title='bbox 1012 2589 1209 2664; x_wconf 86' lang='lat' dir='ltr'><strong>declaratur.</strong></span> 
     </span>
    </p>

    <p class='ocr_par' dir='ltr' id='par_1_7' title="bbox 255 2709 1209 3512">
     <span class='ocr_line' id='line_1_17' title="bbox 309 2709 1209 2822; baseline 0.007 -24"><span class='ocrx_word' id='word_1_101' title='bbox 309 2727 400 2798; x_wconf 87' lang='lat' dir='ltr'><strong>Ante</strong></span> <span class='ocrx_word' id='word_1_102' title='bbox 426 2749 508 2800; x_wconf 88' lang='lat' dir='ltr'><strong>vero</strong></span> <span class='ocrx_word' id='word_1_103' title='bbox 538 2750 638 2822; x_wconf 87' lang='lat' dir='ltr'><strong>quam</strong></span> <span class='ocrx_word' id='word_1_104' title='bbox 665 2729 709 2800; x_wconf 89' lang='lat' dir='ltr'><strong>ad</strong></span> <span class='ocrx_word' id='word_1_105' title='bbox 730 2728 799 2802; x_wconf 90' lang='lat' dir='ltr'><strong>hoc</strong></span> <span class='ocrx_word' id='word_1_106' title='bbox 824 2748 1049 2814; x_wconf 76' lang='lat' dir='ltr'><strong>muneramus,</strong></span> <span class='ocrx_word' id='word_1_107' title='bbox 1091 2709 1209 2804; x_wconf 76' lang='lat' dir='ltr'><strong>obser·</strong></span> 
     </span>
     <span class='ocr_line' id='line_1_18' title="bbox 261 2866 1209 2961; baseline 0.004 -25"><span class='ocrx_word' id='word_1_108' title='bbox 261 2883 339 2936; x_wconf 82' lang='lat' dir='ltr'><strong>vare</strong></span> <span class='ocrx_word' id='word_1_109' title='bbox 371 2866 472 2936; x_wconf 91' lang='lat' dir='ltr'><strong>nobis</strong></span> <span class='ocrx_word' id='word_1_110' title='bbox 506 2866 631 2954; x_wconf 89' lang='lat' dir='ltr'><strong>liceat,</strong></span> <span class='ocrx_word' id='word_1_111' title='bbox 682 2866 891 2961; x_wconf 86' lang='lat' dir='ltr'><strong>generaliora</strong></span> <span class='ocrx_word' id='word_1_112' title='bbox 918 2887 1122 2961; x_wconf 90' lang='lat' dir='ltr'><strong>praecepta,</strong></span> <span class='ocrx_word' id='word_1_113' title='bbox 1157 2889 1209 2940; x_wconf 90' lang='lat' dir='ltr'><strong>se·</strong></span> 
     </span>
     <span class='ocr_line' id='line_1_19' title="bbox 259 2981 1204 3100; baseline 0 -24"><span class='ocrx_word' id='word_1_114' title='bbox 259 3003 408 3077; x_wconf 90' lang='lat' dir='ltr'><strong>cundum</strong></span> <span class='ocrx_word' id='word_1_115' title='bbox 435 3025 544 3098; x_wconf 87' lang='lat' dir='ltr'><strong>quae,</strong></span> <span class='ocrx_word' id='word_1_116' title='bbox 581 3007 695 3078; x_wconf 88' lang='lat' dir='ltr'><strong>omnia</strong></span> <span class='ocrx_word' id='word_1_117' title='bbox 716 2989 937 3099; x_wconf 82' lang='lat' dir='ltr'><strong>quaecunque</strong></span> <span class='ocrx_word' id='word_1_118' title='bbox 961 2981 1130 3100; x_wconf 79' lang='lat' dir='ltr'><strong>ejusmodi</strong></span> <span class='ocrx_word' id='word_1_119' title='bbox 1151 3011 1204 3077; x_wconf 60' lang='lat' dir='ltr'><strong>,in-</strong></span> 
     </span>
     <span class='ocr_line' id='line_1_20' title="bbox 259 3143 1206 3239; baseline 0.005 -28"><span class='ocrx_word' id='word_1_120' title='bbox 259 3159 465 3229; x_wconf 85' lang='lat' dir='ltr'><strong>strumenta,</strong></span> <span class='ocrx_word' id='word_1_121' title='bbox 500 3151 574 3236; x_wconf 77' lang='lat' dir='ltr'><strong>per&#39;</strong></span> <span class='ocrx_word' id='word_1_122' title='bbox 589 3164 676 3238; x_wconf 87' lang='lat' dir='ltr'><strong>quae</strong></span> <span class='ocrx_word' id='word_1_123' title='bbox 706 3143 1050 3224; x_wconf 80' lang='lat' dir='ltr'><strong>criminaetdelictu</strong></span> <span class='ocrx_word' id='word_1_124' title='bbox 1071 3147 1206 3239; x_wconf 88' lang='lat' dir='ltr'><strong>perspi·</strong></span> 
     </span>
     <span class='ocr_line' id='line_1_21' title="bbox 255 3279 1203 3382; baseline 0.001 -29"><span class='ocrx_word' id='word_1_125' title='bbox 255 3301 320 3353; x_wconf 87' lang='lat' dir='ltr'><strong>cua</strong></span> <span class='ocrx_word' id='word_1_126' title='bbox 342 3300 420 3354; x_wconf 89' lang='lat' dir='ltr'><strong>sunt</strong></span> <span class='ocrx_word' id='word_1_127' title='bbox 438 3279 615 3368; x_wconf 87' lang='lat' dir='ltr'><strong>facienda,</strong></span> <span class='ocrx_word' id='word_1_128' title='bbox 653 3284 758 3376; x_wconf 79' lang='lat' dir='ltr'><strong>magis</strong></span> <span class='ocrx_word' id='word_1_129' title='bbox 786 3280 979 3382; x_wconf 83' lang='lat' dir='ltr'><strong>colligenda</strong></span> <span class='ocrx_word' id='word_1_130' title='bbox 1001 3301 1130 3371; x_wconf 79' lang='lat' dir='ltr'><strong>esseex</strong></span> <span class='ocrx_word' id='word_1_131' title='bbox 1151 3284 1203 3374; x_wconf 59' lang='lat' dir='ltr'><strong>ipe</strong></span> 
     </span>
     <span class='ocr_line' id='line_1_22' title="bbox 257 3417 1201 3512; baseline 0.002 -24"><span class='ocrx_word' id='word_1_132' title='bbox 257 3423 436 3512; x_wconf 78' lang='lat' dir='ltr'><strong>sanatura</strong></span> <span class='ocrx_word' id='word_1_133' title='bbox 473 3417 610 3494; x_wconf 90' lang='lat' dir='ltr'><strong>illorum</strong></span> <span class='ocrx_word' id='word_1_134' title='bbox 649 3420 948 3492; x_wconf 87' lang='lat' dir='ltr'><strong>instrumentorum</strong></span> <span class='ocrx_word' id='word_1_135' title='bbox 984 3438 1019 3490; x_wconf 92' lang='lat' dir='ltr'><strong>et</strong></span> <span class='ocrx_word' id='word_1_136' title='bbox 1053 3417 1201 3494; x_wconf 89' lang='lat' dir='ltr'><strong>consilio</strong></span> 
     </span>
    </p>
   </div>
   <div class='ocr_carea' id='block_1_5' title="bbox 254 3557 1233 3762">
    <p class='ocr_par' dir='ltr' id='par_1_8' title="bbox 254 3557 1233 3762">
     <span class='ocr_line' id='line_1_23' title="bbox 254 3557 1233 3664; baseline 0.021 -42"><span class='ocrx_word' id='word_1_137' title='bbox 254 3571 326 3644; x_wconf 86' lang='lat' dir='ltr'><strong>quo</strong></span> <span class='ocrx_word' id='word_1_138' title='bbox 360 3557 572 3651; x_wconf 83' lang='lat' dir='ltr'><strong>scribuntur,</strong></span> <span class='ocrx_word' id='word_1_139' title='bbox 605 3579 706 3652; x_wconf 89' lang='lat' dir='ltr'><strong>quam</strong></span> <span class='ocrx_word' id='word_1_140' title='bbox 723 3561 873 3654; x_wconf 83' lang='lat' dir='ltr'><strong>-exipsis</strong></span> <span class='ocrx_word' id='word_1_141' title='bbox 893 3557 1057 3654; x_wconf 78' lang='lat' dir='ltr'><strong>legibus„</strong></span> <span class='ocrx_word' id='word_1_142' title='bbox 1073 3557 1138 3634; x_wconf 81' lang='lat' dir='ltr'><strong>hac</strong></span> <span class='ocrx_word' id='word_1_143' title='bbox 1157 3557 1233 3664; x_wconf 69' lang='lat' dir='ltr'><strong>§lb¹</strong></span> 
     </span>
     <span class='ocr_line' id='line_1_24' title="bbox 1160 3707 1198 3762; baseline -0.079 0"><span class='ocrx_word' id='word_1_144' title='bbox 1160 3707 1198 3762; x_wconf 84' lang='lat' dir='ltr'><strong>re</strong></span> 
     </span>
    </p>
   </div>
   <div class='ocr_carea' id='block_1_6' title="bbox 0 0 1404 4744">
    <p class='ocr_par' dir='ltr' id='par_1_9' title="bbox 0 0 1404 4744">
     <span class='ocr_line' id='line_1_25' title="bbox 0 0 1404 4744; baseline 0 6"><span class='ocrx_word' id='word_1_145' title='bbox 0 0 1404 4744; x_wconf 95' lang='lat' dir='ltr'><strong> </strong></span> 
     </span>
    </p>
   </div>
  </div>
 </body>
</html>
