<?xml version="1.0" encoding="UTF-8"?>
<!DOCTYPE html PUBLIC "-//W3C//DTD XHTML 1.0 Transitional//EN"
    "http://www.w3.org/TR/xhtml1/DTD/xhtml1-transitional.dtd">
<html xmlns="http://www.w3.org/1999/xhtml" xml:lang="en" lang="en">
 <head>
  <title>
</title>
<meta http-equiv="Content-Type" content="text/html;charset=utf-8" />
  <meta name='ocr-system' content='tesseract 3.04.00' />
  <meta name='ocr-capabilities' content='ocr_page ocr_carea ocr_par ocr_line ocrx_word'/>
</head>
<body>
  <div class='ocr_page' id='page_1' title='image "./deinstrumentisq00busggoog_0160.png"; bbox 0 0 2800 4744; ppageno 0'>
   <div class='ocr_carea' id='block_1_1' title="bbox 507 473 740 575">
    <p class='ocr_par' dir='ltr' id='par_1_1' title="bbox 507 473 740 575">
     <span class='ocr_line' id='line_1_1' title="bbox 507 473 740 575; baseline -0.026 0"><span class='ocrx_word' id='word_1_1' title='bbox 507 473 740 575; x_wconf 61' lang='lat' dir='ltr'>(aas)</span> 
     </span>
    </p>
   </div>
   <div class='ocr_carea' id='block_1_2' title="bbox 122 693 1122 1912">
    <p class='ocr_par' dir='ltr' id='par_1_2' title="bbox 122 693 1122 1912">
     <span class='ocr_line' id='line_1_2' title="bbox 125 693 1112 824; baseline -0.005 -35"><span class='ocrx_word' id='word_1_2' title='bbox 125 716 307 824; x_wconf 57' lang='lat' dir='ltr'>3pubiico</span> <span class='ocrx_word' id='word_1_3' title='bbox 356 709 500 787; x_wconf 82' lang='lat' dir='ltr'>&#39;munere</span> <span class='ocrx_word' id='word_1_4' title='bbox 565 693 643 787; x_wconf 85' lang='lat' dir='ltr'>sunt</span> <span class='ocrx_word' id='word_1_5' title='bbox 704 697 881 789; x_wconf 86' lang='lat' dir='ltr'>constituti</span> <span class='ocrx_word' id='word_1_6' title='bbox 913 699 1112 788; x_wconf 75' lang='lat' dir='ltr'>&#39;&#39;officiales-</span> 
     </span>
     <span class='ocr_line' id='line_1_3' title="bbox 209 853 1105 950; baseline -0.004 -24"><span class='ocrx_word' id='word_1_7' title='bbox 209 854 317 950; x_wconf 86' lang='lat' dir='ltr'>Quod</span> <span class='ocrx_word' id='word_1_8' title='bbox 353 855 394 926; x_wconf 83' lang='lat' dir='ltr'>ad</span> <span class='ocrx_word' id='word_1_9' title='bbox 426 857 627 946; x_wconf 86' lang='lat' dir='ltr'>interpretes</span> <span class='ocrx_word' id='word_1_10' title='bbox 653 855 739 948; x_wconf 88' lang='lat' dir='ltr'>juris</span> <span class='ocrx_word' id='word_1_11' title='bbox 773 853 930 926; x_wconf 85' lang='lat' dir='ltr'>Francici</span> <span class='ocrx_word' id='word_1_12' title='bbox 961 857 1105 940; x_wconf 84' lang='lat' dir='ltr'>attinet,</span> 
     </span>
     <span class='ocr_line' id='line_1_4' title="bbox 123 991 1107 1085; baseline -0.004 -19"><span class='ocrx_word' id='word_1_13' title='bbox 123 1001 212 1082; x_wconf 67' lang='lat' dir='ltr'>⁸&#39;est</span> <span class='ocrx_word' id='word_1_14' title='bbox 252 1015 390 1085; x_wconf 88' lang='lat' dir='ltr'>quoque</span> <span class='ocrx_word' id='word_1_15' title='bbox 424 992 466 1063; x_wconf 90' lang='lat' dir='ltr'>de</span> <span class='ocrx_word' id='word_1_16' title='bbox 507 995 684 1084; x_wconf 86' lang='lat' dir='ltr'>proposita</span> <span class='ocrx_word' id='word_1_17' title='bbox 728 993 925 1084; x_wconf 86' lang='lat' dir='ltr'>quaestione</span> <span class='ocrx_word' id='word_1_18' title='bbox 968 991 1107 1063; x_wconf 89' lang='lat' dir='ltr'>illorum</span> 
     </span>
     <span class='ocr_line' id='line_1_5' title="bbox 157 1099 1122 1221; baseline -0.003 -19"><span class='ocrx_word' id='word_1_19' title='bbox 157 1151 333 1216; x_wconf 85' lang='lat' dir='ltr'>nortona,</span> <span class='ocrx_word' id='word_1_20' title='bbox 353 1131 411 1200; x_wconf 91' lang='lat' dir='ltr'>sed</span> <span class='ocrx_word' id='word_1_21' title='bbox 430 1132 519 1200; x_wconf 85' lang='lat' dir='ltr'>varia</span> <span class='ocrx_word' id='word_1_22' title='bbox 542 1148 581 1199; x_wconf 88' lang='lat' dir='ltr'>et</span> <span class='ocrx_word' id='word_1_23' title='bbox 600 1131 793 1221; x_wconf 85' lang='lat' dir='ltr'>discrepans</span> <span class='ocrx_word' id='word_1_24' title='bbox 817 1099 1012 1198; x_wconf 48' lang='lat' dir='ltr'>sententias</span> <span class='ocrx_word' id='word_1_25' title='bbox 1041 1128 1122 1199; x_wconf 57' lang='lat' dir='ltr'>Pu·v</span> 
     </span>
     <span class='ocr_line' id='line_1_6' title="bbox 154 1249 1106 1350; baseline -0.003 -11"><span class='ocrx_word' id='word_1_26' title='bbox 154 1288 210 1339; x_wconf 81' lang='lat' dir='ltr'>rat</span> <span class='ocrx_word' id='word_1_27' title='bbox 240 1271 338 1350; x_wconf 86' lang='lat' dir='ltr'>enim</span> <span class='ocrx_word' id='word_1_28' title='bbox 376 1265 429 1339; x_wconf 87' lang='lat' dir='ltr'>Lrt</span> <span class='ocrx_word' id='word_1_29' title='bbox 452 1268 704 1349; x_wconf 80' lang='lat' dir='ltr'>Gnnveueun,</span> <span class='ocrx_word' id='word_1_30' title='bbox 737 1287 807 1336; x_wconf 90' lang='lat' dir='ltr'>non</span> <span class='ocrx_word' id='word_1_31' title='bbox 831 1265 921 1336; x_wconf 87' lang='lat' dir='ltr'>aliud</span> <span class='ocrx_word' id='word_1_32' title='bbox 943 1249 1106 1336; x_wconf 79' lang='lat' dir='ltr'>delictum</span> 
     </span>
     <span class='ocr_line' id='line_1_7' title="bbox 157 1373 1107 1500; baseline -0.002 -24"><span class='ocrx_word' id='word_1_33' title='bbox 157 1401 223 1500; x_wconf 87' lang='lat' dir='ltr'>per</span> <span class='ocrx_word' id='word_1_34' title='bbox 235 1409 491 1476; x_wconf 84' lang='lat' dir='ltr'>instrumentum</span> <span class='ocrx_word' id='word_1_35' title='bbox 505 1406 664 1496; x_wconf 84' lang='lat' dir='ltr'>probari,</span> <span class='ocrx_word' id='word_1_36' title='bbox 685 1407 750 1474; x_wconf 92' lang='lat' dir='ltr'>nisi</span> <span class='ocrx_word' id='word_1_37' title='bbox 762 1404 804 1475; x_wconf 86' lang='lat' dir='ltr'>ad</span> <span class='ocrx_word' id='word_1_38' title='bbox 815 1403 909 1495; x_wconf 92' lang='lat' dir='ltr'>quod</span> <span class='ocrx_word' id='word_1_39' title='bbox 922 1373 1107 1496; x_wconf 78' lang='lat' dir='ltr'>prohibeo·</span> 
     </span>
     <span class='ocr_line' id='line_1_8' title="bbox 160 1529 1110 1636; baseline -0.004 -21"><span class='ocrx_word' id='word_1_40' title='bbox 160 1545 240 1615; x_wconf 89' lang='lat' dir='ltr'>dum</span> <span class='ocrx_word' id='word_1_41' title='bbox 255 1539 277 1628; x_wconf 76' lang='lat'>,&#39;</span> <span class='ocrx_word' id='word_1_42' title='bbox 303 1561 338 1613; x_wconf 84' lang='lat' dir='ltr'>et</span> <span class='ocrx_word' id='word_1_43' title='bbox 353 1569 354 1572; x_wconf 43' lang='lat'>¹</span> <span class='ocrx_word' id='word_1_44' title='bbox 367 1562 595 1635; x_wconf 88' lang='lat' dir='ltr'>perpetratum</span> <span class='ocrx_word' id='word_1_45' title='bbox 624 1541 920 1636; x_wconf 84' lang='lat' dir='ltr'>investigandum,</span> <span class='ocrx_word' id='word_1_46' title='bbox 958 1529 1110 1614; x_wconf 87' lang='lat' dir='ltr'>officiali-</span> 
     </span>
     <span class='ocr_line' id='line_1_9' title="bbox 122 1659 1106 1774; baseline -0.002 -22"><span class='ocrx_word' id='word_1_47' title='bbox 122 1761 125 1770; x_wconf 26' lang='lat'>·</span> <span class='ocrx_word' id='word_1_48' title='bbox 156 1659 239 1752; x_wconf 78' lang='lat' dir='ltr'>&#39;bus</span> <span class='ocrx_word' id='word_1_49' title='bbox 263 1701 381 1752; x_wconf 91' lang='lat' dir='ltr'>munus</span> <span class='ocrx_word' id='word_1_50' title='bbox 401 1675 526 1752; x_wconf 76' lang='lat' dir='ltr'>¹datum</span> <span class='ocrx_word' id='word_1_51' title='bbox 555 1698 609 1750; x_wconf 90' lang='lat' dir='ltr'>est</span> <span class='ocrx_word' id='word_1_52' title='bbox 643 1703 714 1772; x_wconf 91' lang='lat' dir='ltr'>quo</span> <span class='ocrx_word' id='word_1_53' title='bbox 747 1679 956 1774; x_wconf 86' lang='lat' dir='ltr'>funguntur,</span> <span class='ocrx_word' id='word_1_54' title='bbox 972 1687 975 1720; x_wconf 69' lang='lat'>&#39;-</span> <span class='ocrx_word' id='word_1_55' title='bbox 994 1688 1106 1772; x_wconf 86' lang='lat' dir='ltr'>nequ&#39;e</span> 
     </span>
     <span class='ocr_line' id='line_1_10' title="bbox 155 1794 1109 1912; baseline -0.002 -22"><span class='ocrx_word' id='word_1_56' title='bbox 155 1819 373 1891; x_wconf 81' lang='lat' dir='ltr'>securitatem</span> <span class='ocrx_word' id='word_1_57' title='bbox 406 1821 532 1890; x_wconf 81' lang='lat' dir='ltr'>civium</span> <span class='ocrx_word' id='word_1_58' title='bbox 560 1801 775 1910; x_wconf 82' lang='lat' dir='ltr'>permittere,</span> <span class='ocrx_word' id='word_1_59' title='bbox 818 1837 856 1888; x_wconf 91' lang='lat' dir='ltr'>ut</span> <span class='ocrx_word' id='word_1_60' title='bbox 880 1804 973 1911; x_wconf 88' lang='lat' dir='ltr'>quod</span> <span class='ocrx_word' id='word_1_61' title='bbox 995 1794 1109 1912; x_wconf 84' lang='lat' dir='ltr'>ajur&#39;e</span> 
     </span>
    </p>
   </div>
   <div class='ocr_carea' id='block_1_3' title="bbox 6 1955 1106 2036">
    <p class='ocr_par' dir='ltr' id='par_1_3' title="bbox 6 1955 1106 2046">
     <span class='ocr_line' id='line_1_11' title="bbox 6 1955 1106 2036; baseline -0.005 -3"><span class='ocrx_word' id='word_1_62' title='bbox 6 1983 7 2032; x_wconf 74' lang='lat'>1</span> <span class='ocrx_word' id='word_1_63' title='bbox 155 1955 336 2030; x_wconf 80' lang='lat' dir='ltr'>&#39;communi</span> <span class='ocrx_word' id='word_1_64' title='bbox 371 1957 527 2036; x_wconf 75' lang='lat' dir='ltr'>recedat,</span> <span class='ocrx_word' id='word_1_65' title='bbox 564 1955 921 2028; x_wconf 75' lang='lat' dir='ltr'>latius&#39;extendatut.²</span> <span class='ocrx_word' id='word_1_66' title='bbox 973 1956 1106 2030; x_wconf 78' lang='lat' dir='ltr'>Contra</span> 
     </span>
    </p>
   </div>
   <div class='ocr_carea' id='block_1_4' title="bbox 109 2077 1173 3288">
    <p class='ocr_par' dir='ltr' id='par_1_4' title="bbox 109 2077 1173 3288">
     <span class='ocr_line' id='line_1_12' title="bbox 155 2077 1108 2182; baseline -0.002 -14"><span class='ocrx_word' id='word_1_67' title='bbox 155 2093 247 2168; x_wconf 61' lang='lat' dir='ltr'>*vero</span> <span class='ocrx_word' id='word_1_68' title='bbox 278 2095 439 2166; x_wconf 79' lang='lat' dir='ltr'>Cnnuor</span> <span class='ocrx_word' id='word_1_69' title='bbox 469 2093 640 2180; x_wconf 84' lang='lat' dir='ltr'>defendit,</span> <span class='ocrx_word' id='word_1_70' title='bbox 683 2097 710 2164; x_wconf 91' lang='lat' dir='ltr'>si</span> <span class='ocrx_word' id='word_1_71' title='bbox 725 2077 783 2166; x_wconf 55' lang='lat' dir='ltr'>&#39;ab&#39;</span> <span class='ocrx_word' id='word_1_72' title='bbox 800 2093 1000 2167; x_wconf 88' lang='lat' dir='ltr'>officialibus</span> <span class='ocrx_word' id='word_1_73' title='bbox 1017 2089 1108 2182; x_wconf 81' lang='lat' dir='ltr'>sibi,</span> 
     </span>
     <span class='ocr_line' id='line_1_13' title="bbox 156 2225 1110 2326; baseline 0.005 -22"><span class='ocrx_word' id='word_1_74' title='bbox 156 2251 297 2304; x_wconf 86' lang='lat' dir='ltr'>munere</span> <span class='ocrx_word' id='word_1_75' title='bbox 321 2225 750 2326; x_wconf 73' lang='lat' dir='ltr'>frangentibus‚&#39;injuriam</span> <span class='ocrx_word' id='word_1_76' title='bbox 774 2232 902 2305; x_wconf 86' lang='lat' dir='ltr'>factum</span> <span class='ocrx_word' id='word_1_77' title='bbox 935 2232 1038 2305; x_wconf 88' lang='lat' dir='ltr'>fuisse</span> <span class='ocrx_word' id='word_1_78' title='bbox 1063 2237 1110 2310; x_wconf 77' lang='lat' dir='ltr'>&#39;in</span> 
     </span>
     <span class='ocr_line' id='line_1_14' title="bbox 160 2342 1105 2466; baseline -0.001 -22"><span class='ocrx_word' id='word_1_79' title='bbox 160 2361 292 2461; x_wconf 82' lang='lat' dir='ltr'>scripto</span> <span class='ocrx_word' id='word_1_80' title='bbox 311 2345 379 2440; x_wconf 71' lang='lat' dir='ltr'>ase</span> <span class='ocrx_word' id='word_1_81' title='bbox 399 2371 620 2440; x_wconf 88' lang='lat' dir='ltr'>instrumento</span> <span class='ocrx_word' id='word_1_82' title='bbox 646 2342 797 2466; x_wconf 82' lang='lat' dir='ltr'>dicacur,</span> <span class='ocrx_word' id='word_1_83' title='bbox 820 2389 890 2440; x_wconf 90' lang='lat' dir='ltr'>tum</span> <span class='ocrx_word' id='word_1_84' title='bbox 911 2377 1011 2442; x_wconf 85' lang='lat' dir='ltr'>etiarn</span> <span class='ocrx_word' id='word_1_85' title='bbox 1025 2375 1105 2443; x_wconf 85' lang='lat' dir='ltr'>huic</span> 
     </span>
     <span class='ocr_line' id='line_1_15' title="bbox 154 2485 1105 2598; baseline -0.001 -18"><span class='ocrx_word' id='word_1_86' title='bbox 154 2509 338 2580; x_wconf 82' lang='lat' dir='ltr'>assertioni</span> <span class='ocrx_word' id='word_1_87' title='bbox 350 2506 551 2578; x_wconf 87' lang='lat' dir='ltr'>credendum</span> <span class='ocrx_word' id='word_1_88' title='bbox 572 2520 663 2587; x_wconf 85' lang='lat' dir='ltr'>esse,</span> <span class='ocrx_word' id='word_1_89' title='bbox 681 2507 791 2576; x_wconf 90' lang='lat' dir='ltr'>donec</span> <span class='ocrx_word' id='word_1_90' title='bbox 816 2506 899 2576; x_wconf 82' lang='lat' dir='ltr'>falsa</span> <span class='ocrx_word' id='word_1_91' title='bbox 918 2485 1105 2598; x_wconf 66' lang='lat' dir='ltr'>prodetur,</span> 
     </span>
     <span class='ocr_line' id='line_1_16' title="bbox 151 2627 1106 2737; baseline 0.002 -21"><span class='ocrx_word' id='word_1_92' title='bbox 151 2649 189 2716; x_wconf 88' lang='lat' dir='ltr'>&#39;si</span> <span class='ocrx_word' id='word_1_93' title='bbox 220 2645 357 2737; x_wconf 85' lang='lat' dir='ltr'>quidem</span> <span class='ocrx_word' id='word_1_94' title='bbox 384 2646 426 2715; x_wconf 85' lang='lat' dir='ltr'>ab</span> <span class='ocrx_word' id='word_1_95' title='bbox 444 2643 528 2714; x_wconf 80' lang='lat' dir='ltr'>illis·</span> <span class='ocrx_word' id='word_1_96' title='bbox 542 2631 764 2728; x_wconf 84' lang='lat' dir='ltr'>officialibus,</span> <span class='ocrx_word' id='word_1_97' title='bbox 802 2627 848 2713; x_wconf 89' lang='lat' dir='ltr'>ob</span> <span class='ocrx_word' id='word_1_98' title='bbox 872 2643 999 2716; x_wconf 84' lang='lat' dir='ltr'>illatam</span> <span class='ocrx_word' id='word_1_99' title='bbox 1023 2649 1106 2734; x_wconf 89' lang='lat' dir='ltr'>ipsis</span> 
     </span>
     <span class='ocr_line' id='line_1_17' title="bbox 151 2773 1104 2877; baseline -0.001 -23"><span class='ocrx_word' id='word_1_100' title='bbox 151 2783 334 2877; x_wconf 84' lang='lat' dir='ltr'>injuriam,</span> <span class='ocrx_word' id='word_1_101' title='bbox 354 2781 465 2854; x_wconf 87' lang='lat' dir='ltr'>civilis</span> <span class='ocrx_word' id='word_1_102' title='bbox 487 2782 579 2853; x_wconf 86' lang='lat' dir='ltr'>actio</span> <span class='ocrx_word' id='word_1_103' title='bbox 600 2801 669 2850; x_wconf 92' lang='lat' dir='ltr'>non</span> <span class='ocrx_word' id='word_1_104' title='bbox 680 2783 883 2852; x_wconf 85' lang='lat' dir='ltr'>instituatur.</span> <span class='ocrx_word' id='word_1_105' title='bbox 908 2779 948 2850; x_wconf 92' lang='lat' dir='ltr'>In</span> <span class='ocrx_word' id='word_1_106' title='bbox 963 2773 1104 2853; x_wconf 85' lang='lat' dir='ltr'>eandem</span> 
     </span>
     <span class='ocr_line' id='line_1_18' title="bbox 159 2915 1104 3014; baseline -0.002 -22"><span class='ocrx_word' id='word_1_107' title='bbox 159 2942 298 3014; x_wconf 88' lang='lat' dir='ltr'>quoque</span> <span class='ocrx_word' id='word_1_108' title='bbox 311 2921 507 2990; x_wconf 87' lang='lat' dir='ltr'>sententiam</span> <span class='ocrx_word' id='word_1_109' title='bbox 524 2921 585 2990; x_wconf 90' lang='lat' dir='ltr'>ivit</span> <span class='ocrx_word' id='word_1_110' title='bbox 598 2915 1003 2990; x_wconf 79' lang='lat' dir='ltr'>Banntnr-Smur·Prtut</span> <span class='ocrx_word' id='word_1_111' title='bbox 1014 2915 1104 3011; x_wconf 85' lang='lat'>(1),</span> 
     </span>
     <span class='ocr_line' id='line_1_19' title="bbox 109 3055 1106 3152; baseline -0.002 -22"><span class='ocrx_word' id='word_1_112' title='bbox 109 3125 118 3140; x_wconf 88' lang='grc'><em>,</em></span> <span class='ocrx_word' id='word_1_113' title='bbox 153 3055 300 3152; x_wconf 81' lang='lat' dir='ltr'>putans,</span> <span class='ocrx_word' id='word_1_114' title='bbox 326 3057 638 3149; x_wconf 83' lang='lat' dir='ltr'>de&#39;impedimentis</span> <span class='ocrx_word' id='word_1_115' title='bbox 659 3077 721 3148; x_wconf 91' lang='lat' dir='ltr'>per</span> <span class='ocrx_word' id='word_1_116' title='bbox 747 3077 832 3147; x_wconf 84' lang='lat' dir='ltr'>quae</span> <span class='ocrx_word' id='word_1_117' title='bbox 854 3055 1014 3127; x_wconf 86' lang='lat' dir='ltr'>officiales</span> <span class='ocrx_word' id='word_1_118' title='bbox 1025 3078 1106 3148; x_wconf 93' lang='lat' dir='ltr'>pro·</span> 
     </span>
     <span class='ocr_line' id='line_1_20' title="bbox 158 3175 1173 3288; baseline -0.002 -20"><span class='ocrx_word' id='word_1_119' title='bbox 158 3175 386 3283; x_wconf 29' lang='lat' dir='ltr'>hi&#39;bebantur,</span> <span class='ocrx_word' id='word_1_120' title='bbox 418 3198 599 3287; x_wconf 87' lang='lat' dir='ltr'>quominus</span> <span class='ocrx_word' id='word_1_121' title='bbox 623 3214 759 3266; x_wconf 90' lang='lat' dir='ltr'>munere</span> <span class='ocrx_word' id='word_1_122' title='bbox 779 3214 841 3265; x_wconf 92' lang='lat' dir='ltr'>suo</span> <span class='ocrx_word' id='word_1_123' title='bbox 863 3192 1102 3288; x_wconf 83' lang='lat' dir='ltr'>fungerentur,</span> <span class='ocrx_word' id='word_1_124' title='bbox 1170 3206 1173 3210; x_wconf 85' lang='grc'>’</span> 
     </span>
    </p>
   </div>
   <div class='ocr_carea' id='block_1_5' title="bbox 160 3307 1104 3435">
    <p class='ocr_par' dir='ltr' id='par_1_5' title="bbox 160 3307 1104 3435">
     <span class='ocr_line' id='line_1_21' title="bbox 160 3307 1104 3435; baseline 0.002 -31"><span class='ocrx_word' id='word_1_125' title='bbox 160 3334 412 3407; x_wconf 83' lang='lat' dir='ltr'>eandemfident</span> <span class='ocrx_word' id='word_1_126' title='bbox 434 3333 620 3435; x_wconf 84' lang='lat' dir='ltr'>habendam</span> <span class='ocrx_word' id='word_1_127' title='bbox 644 3335 718 3403; x_wconf 87' lang='lat' dir='ltr'>esse</span> <span class='ocrx_word' id='word_1_128' title='bbox 735 3333 977 3419; x_wconf 87' lang='lat' dir='ltr'>instrumento,</span> <span class='ocrx_word' id='word_1_129' title='bbox 1004 3307 1104 3426; x_wconf 66' lang='lat' dir='ltr'>qu&#39;am</span> 
     </span>
    </p>
   </div>
   <div class='ocr_carea' id='block_1_6' title="bbox 152 3495 1105 3816">
    <p class='ocr_par' dir='ltr' id='par_1_6' title="bbox 152 3495 1105 3816">
     <span class='ocr_line' id='line_1_22' title="bbox 1019 3495 1105 3564; baseline 0.035 -22"><span class='ocrx_word' id='word_1_130' title='bbox 1019 3495 1105 3564; x_wconf 86' lang='lat' dir='ltr'>quae</span> 
     </span>
     <span class='ocr_line' id='line_1_23' title="bbox 152 3593 1087 3716; baseline 0.003 -31"><span class='ocrx_word' id='word_1_131' title='bbox 152 3623 155 3628; x_wconf 84' lang='grc'><strong>’</strong></span> <span class='ocrx_word' id='word_1_132' title='bbox 173 3701 177 3716; x_wconf 37' lang='grc' dir='ltr'>Ι</span> <span class='ocrx_word' id='word_1_133' title='bbox 199 3621 254 3700; x_wconf 78' lang='lat' dir='ltr'>(r)</span> <span class='ocrx_word' id='word_1_134' title='bbox 270 3607 614 3695; x_wconf 70' lang='lat' dir='ltr'>eoins&#39;dedroitcrtmmel,</span> <span class='ocrx_word' id='word_1_135' title='bbox 635 3621 680 3685; x_wconf 90' lang='lat' dir='ltr'>ed.</span> <span class='ocrx_word' id='word_1_136' title='bbox 692 3643 721 3686; x_wconf 81' lang='lat' dir='ltr'>n.</span> <span class='ocrx_word' id='word_1_137' title='bbox 732 3593 762 3700; x_wconf 84' lang='lat' dir='ltr'>p.</span> <span class='ocrx_word' id='word_1_138' title='bbox 773 3641 837 3688; x_wconf 79' lang='lat' dir='ltr'>ato.</span> <span class='ocrx_word' id='word_1_139' title='bbox 855 3625 968 3687; x_wconf 81' lang='lat' dir='ltr'>observ.</span> <span class='ocrx_word' id='word_1_140' title='bbox 986 3623 1087 3704; x_wconf 83' lang='lat' dir='ltr'>(vu).</span> 
     </span>
     <span class='ocr_line' id='line_1_24' title="bbox 617 3743 650 3816; baseline 0.061 -2"><span class='ocrx_word' id='word_1_141' title='bbox 617 3743 650 3816; x_wconf 90' lang='lat' dir='ltr'>K</span> 
     </span>
    </p>
   </div>
   <div class='ocr_carea' id='block_1_7' title="bbox 0 0 1405 4744">
    <p class='ocr_par' dir='ltr' id='par_1_7' title="bbox 0 0 1405 4744">
     <span class='ocr_line' id='line_1_25' title="bbox 0 0 1405 4744; baseline 0 0"><span class='ocrx_word' id='word_1_142' title='bbox 0 0 1405 4744; x_wconf 95' lang='lat' dir='ltr'> </span> 
     </span>
    </p>
   </div>
  </div>
 </body>
</html>
