2800 4744
527 426 740 527 (11³)

122 769 126 776 ἦ
168 668 237 742 uir.
261 663 342 762 (r).
373 665 551 762 ·Denique
584 689 629 740 eo
662 670 769 766 magis
795 671 830 740 in
858 663 951 740 illam
983 678 1116 772 senten·

167 809 267 884 ,tiam‘
287 806 444 882 eundum·
461 827 560 894 esse,
585 808 865 892 nobisvidetur·,
896 829 967 900 quo
992 813 1117 881 certius

162 959 251 1032 eat,
286 948 336 1018 uti
373 947 413 1016 iu
445 963 545 1020 causa
575 944 712 1018 sceleris
742 955 812 1018 uon
846 945 1019 1018 manifesti
1037 961 1116 1020 cunr

173 1103 396 1176 procuratore
425 1081 533 1178 Regis
566 1085 818 1154 communicare
855 1079 958 1176 judex
993 1083 1116 1172 deber,

161 1233 274 1312 -quae
296 1221 353 1292 hic
382 1221 488 1316 egerit
523 1220 746 1312 feceritque‚·
778 1229 881 1313 arque
903 1218 1000 1292 ilium
1029 1222 1117 1315 judi·

163 1379 253 1432 cem
276 1377 386 1451 posse
419 1379 560 1455 rogare,
604 1375 642 1429 ut
673 1358 709 1430 id
731 1361 867 1453 agutur3
902 1357 997 1451 quod
1018 1379 1117 1432 causa

163 1493 531 1590 sriagitarefvidearurs
553 1497 600 1567 ita
623 1514 742 1568 contra
763 1498 798 1566 in
820 1493 949 1568 scelere
962 1495 1120 1568 manifea·

175 1653 233 1720 to,
267 1635 310 1708 de
332 1657 403 1728 quo
425 1635 483 1707 hic
505 1633 669 1723 dicimus,
699 1633 850 1728 judicem
868 1656 888 1705 a
907 1631 1016 1728 Regis
1037 1651 1120 1726 pror

164 1790 332 1850 curatore
364 1773 400 1848 id
431 1793 538 1868 posse
558 1775 716 1869 exigere,
750 1791 788 1844 ut
809 1774 844 1844 in
868 1775 1120 1867 rem'praesen¹

163 1928 244 1986 :tem
266 1912 389 1988 veniat.
481 1945 484 1952 ⁴

167 2104 172 2112 .
221 2047 385 2122 Ceterum
419 2047 512 2142 quod
546 2067 636 2122 tauta
668 2066 818 2140 potestas
859 2028 902 2119 irr'
936 2047 1116 2122 manifesto
1172 2030 1184 2071 '³

173 2185 303 2260 sceiere
324 2189 538 2280 procuratori
559 2187 634 2260 data
653 2189 721 2273 sit‚-
750 2193 905 2280 quantam
926 2207 1026 2280 supra
1045 2186 1114 2280 (a)

165 2325 341 2406 vidimus,
363 2325 463 2398 viilud
495 2327 657 2420 exceptio
690 2345 742 2397 est
773 2326 962 2398 habendum
991 2341 1020 2398 a¹
1037 2327 1114 2420 jure

173 2465 369 2552 communi,
411 2481 482 2558 quo
504 2483 545 2535 ea
577 2482 731 2556 potestas
762 2463 827 2536 soli
857 2465 965 2560 judici
989 2485 1115 2540 conce·

172 2603 275 2674 ditur.
316 2636 320 2644 v

222 2737 292 2810 Ex·
308 2737 361 2808 his
388 2738 492 2831 igitur
518 2739 720 2831 argumentis
740 2735 920 2810 admodum
942 2725 1114 2830 probabili

173 2877 376 2971 conjectura
404 2874 505 2946 nobis
526 2871 758 2968 colligendum
785 2874 949 2959 videtur‚·
970 2875 1037 2968 jam
1063 2878 1115 2946 in·

172 3015 478 3108 septamcriminis
505 3011 671 3084 manifesti
695 3013 1011 3104 investigationem,
1044 3034 1114 3086 non

173 3177 194 3226 a
215 3153 324 3249 Regis
346 3169 592 3244 procuratore,
627 3169 779 3224 verume
798 3151 913 3246 judice
935 3151 1114 3245 perficien-

174 3292 250 3366 dam
271 3311 306 3363 et
323 3288 563 3364 absolvendam
580 3309 673 3376 esse,
699 3291 727 3362 si
746 3289 803 3364 hic
822 3291 871 3362 rei
888 3292 1114 3364 intervenerit.

1010 3427 1114 3507 Nunc

213 3517 267 3597 (r)
285 3514 350 3582 vida
367 3513 449 3596 hujus
467 3521 607 3598 Capitiss
627 3505 664 3583 ᾗ.
776 3535 779 3541 ·

213 3614 354 3694 (uivida
374 3614 590 3692 dissertationis,
609 3634 671 3693 pag.
688 3619 758 3680 6122
817 3692 819 3698 Α

621 3714 656 3790 H
