2800 4744
633 375 844 473 (¹50)

270 603 504 700 c'nnficiendn,
540 605 642 684 silent
663 611 741 684 illae
762 612 867 709 leges.
916 605 982 684 Est
1002 611 1104 708 igitur
1125 613 1213 686 huie

268 749 403 825 silentio
442 771 494 823 ex·
516 754 690 824 communi
722 751 796 844 jure
824 746 1076 844 supplendum
1120 744 1214 824 illud

266 911 377 963 nutem
400 863 581 964 cummune
599 892 654 985 jus
674 890 808 961 abunde
830 909 894 962 nos
916 890 1039 974 docet,
1070 911 1212 962 ornnem

265 1047 403 1116 return,
421 1045 522 1100 omne
534 1029 811 1116 instrumentum,
828 1027 922 1122 quod
933 1029 1011 1120 quis
1020 1049 1082 1120 per
1092 1049 1212 1100 mune-

267 1171 314 1240 ris
338 1171 391 1240 sui
409 1166 543 1261 publici
565 1169 763 1239 exercitium
782 1186 817 1238 et
837 1169 871 1236 in
892 1167 1040 1260 negotiis
1062 1161 1213 1238 muneris

268 1307 319 1378 sui
354 1306 540 1392 conficiat,
574 1325 647 1376 esse
677 1305 930 1388 authenticum,
965 1307 1044 1375 sive·
1069 1303 1214 1397 publicu

267 1447 469 1517 auctoritate
489 1445 672 1536 scriptum,
693 1445 749 1516 cui
768 1464 907 1540 ergoet
930 1445 981 1514 uis
1003 1461 1072 1530 est,
1097 1463 1134 1514 ut
1157 1445 1212 1513 in-

266 1583 390 1656 firmati
418 1586 482 1656 nisi
509 1603 571 1678 per
590 1585 847 1677 inscriptionem
863 1583 897 1652 in
920 1579 1042 1652 fulsum
1063 1601 1212 1674 nequeat

267 1721 336 1795 Cui
354 1737 552 1818 argumento
567 1743 636 1792 non
659 1723 792 1792 obstare
816 1720 980 1806 habetur,
1005 1721 1106 1791 etiam
1127 1719 1212 1793 illos'

267 1861 502 1958 magistratus,
536 1860 643 1934 veluti
676 1863 932 1953 piocurntorem
965 1857 1075 1954 Regis
1105 1857 1212 1931 alios·

267 2019 354 2091 que,
385 2001 444 2090 qui
465 2018 687 2070 recensentur
707 1987 741 2068 i'r't
763 2017 825 2071 art.
850 2003 885 2090 9.
909 1996 1001 2069 eod.
1026 1999 1085 2068 cit.
1106 1999 1210 2070 etiam

218 2143 222 2152 ‘
266 2138 466 2207 auctoritate
497 2133 637 2226 publica
667 2155 741 2208 esse
770 2139 975 2212 constitutos
1008 2138 1042 2206 in
1069 2155 1208 2207 munere

264 2273 433 2372 publico,
457 2293 521 2345 nec
542 2287 657 2344 tamen
674 2275 925 2362 instrumentis,
950 2274 992 2346 ab
1005 2276 1090 2368 ipsis
1099 2276 1208 2366 scrip-

268 2415 329 2498 tis,
368 2415 436 2484 viru
460 2413 1051 2493 instrumentorumnutheuticornm
1083 2412 1207 2496 tribui,

263 2555 346 2644 'quit
361 2545 425 2644 per
445 2569 507 2624 nrt.
529 2573 596 2645 154
615 2553 676 2625 cit.
692 2551 776 2624 haec
796 2555 847 2624 vis
859 2540 1089 2648 restringiturt
1114 2551 1211 2646 quod

266 2713 345 2763 curn
367 2711 437 2762 non
457 2690 513 2761 fiat
541 2693 576 2760 in
605 2709 682 2763 artt.
712 2691 783 2784 504
805 2709 840 2762 et
864 2711 985 2782 seqq.,
1008 2693 1208 2761 iustrumen-

267 2831 301 2900 in
323 2843 484 2922 qnoque,
503 2828 686 2902 secundum
699 2823 757 2902 has'
769 2827 863 2922 leges
874 2831 1024 2921 scripta,
1046 2849 1090 2901 ex
1113 2839 1208 2901 corn:

267 2971 360 3040 muni
389 2969 464 3062 jure
491 2963 568 3039 sunt
592 2961 814 3052 aestimanda,
849 2967 964 3038 eadem
990 2969 1086 3039 verbi
1109 2955 1209 3039 causi

267 3105 400 3179 ratione'
419 3127 454 3178 et
477 3104 599 3178 eodeni
622 3105 723 3200 jure,
749 3105 873 3197 quibus
896 3103 980 3177 haec
994 3105 1149 3179 obiinent
1171 3108 1209 3176 in
1301 3079 1303 3084 ¹

267 3243 509 3333 instrumento,
527 3247 563 3316 vi
589 3263 652 3316 art.
677 3243 745 3341 372
766 3245 811 3338 ej.
832 3243 923 3316 Cnd.
946 3245 1088 3339 scripto.
1115 3237 1184 3339 (r)

307 3437 362 3517 (1)
381 3441 522 3502 Munna.
541 3438 569 3496 in
585 3427 657 3494 uoce
679 3423 894 3508 Procri-veriat,
912 3437 977 3514 §X.

502 3555 913 3710 'isurun
1031 3555 1034 3560 ¹
1210 3693 1291 3736 ,¹

994 3837 995 3842 κ
1026 3795 1208 3898 Qunns-
