2800 4744
520 467 550 570 't
602 471 668 568 1‘29
715 467 740 568 >

145 709 300 806 ²publica
330 701 513 782 anctoritas
541 709 632 784 facta'
658 729 734 796 est,
769 727 815 784 ¹nt
843 720 909 803 pto
935 713 1025 782 veris
1049 707 1109 786 ha·

140 851 326 935 :boantum
361 849 471 920 donec
501 851 707 922 contrarium
742 850 927 942 probetur,
962 852 1109 943 ingenue

143 989 272 1061 ·fateor
287 997 357 1058 'me
386 1008 456 1058 non
483 991 678 1081 perspicere
708 1008 794 1079 qnae
814 989 904 1081 justa
927 983 962 1058 et
984 961 1110 1079 proba·

144 1128 253 1200 0bih's·
272 1129 316 1196 sit
344 1128 431 1197 ratio
457 1147 559 1220 quare
582 1126 639 1198 hic
662 1128 748 1196 inter
770 1127 1010 1220 probationem
1044 1129 1110 1196 cri·

149 1267 263 1337 -mini's
288 1268 322 1336 et
346 1263 465 1336 delicti
486 1266 729 1356 distinguatur,
762 1265 827 1333 nisi
855 1263 997 1334 fortasse
1032 1267 1110 1355 quis

152 1401 249 1477 allud
279 1403 462 1475 discrimen
494 1401 721 1494 quaerendum
757 1421 855 1494 putet
897 1423 941 1474 ex
974 1401 1109 1495 iegibus

60 1513 63 1518 ¹
154 1533 390 1612 -etirisrirutis
420 1539 618 1626 Francicis,
654 1541 839 1612 secundum
861 1560 947 1632 quae
975 1540 1018 1611 de
1046 1543 1112 1612 cri·

157 1677 336 1762 minimo,
367 1679 594 1772 quatenusde
618 1681 726 1750 iisaut
746 1681 954 1766 commissis,
975 1697 1114 1750 autnon

163 1819 362 1890 'commissis
384 1820 557 1911 quaritur,
582 1815 790 1910 ajudicibus
801 1818 940 1908 juratio,
967 1819 1026 1909 qni
1059 1817 1111 1888 di·

154 1955 312 2038 :cuntur‚
342 1945 386 2026 'de
411 1947 546 2026 delictis
565 1945 1112 2046 veroaconsiit'utisetperpetno

154 2089 318 2187 ‘judicum
341 2113 479 2165 munere
502 2091 723 2186 fungentibus
754 2094 1004 2188 magistratibus
1028 2115 1116 2188 cog·

156 2235 347 2318 noscitur3
387 2233 517 2324 quippe
540 2232 624 2303 haec
647 2199 791 2302 liabetur
809 2232 973 2326 judicum
985 2233 1114 2326 Jurato·

162 2527 225 2582 aut
257 2493 293 2580 in
314 2529 474 2580 accusato
489 2509 630 2580 crimine
649 2507 863 2593 damnando,
896 2515 964 2578 'aut‘
977 2527 1114 2581 eumac-

169 2649 348 2720 crisenone
372 2647 549 2718 liberando
572 2665 736 2739 potestas.

134 2828 164 2838 .,
215 2784 306 2856 Illud
338 2803 450 2856 antem
485 2785 531 2856 de'
560 2777 632 2877 quo
665 2783 812 2855 diximus
845 2781 1026 2854 discrimen
1062 2784 1114 2852 in·

167 2923 221 2994 ''ter
256 2923 398 2994 crimina
421 2937 479 2994 aut
500 2920 626 2994 delicta
659 2921 828 3013 probandi
848 2923 1037 3005 rationem,
1073 2923 1118 2995 ab

164 3059 237 3132 illis
269 3061 436 3152 imprimis
468 3055 720 3152 reprobandum
753 3059 909 3142 videtur,
950 3061 1010 3150 qni
1040 3079 1121 3129 cen·

167 3216 287 3284 scant,
305 3218 481 3298 perperam
494 3201 528 3269 in
538 3198 613 3292 jure
625 3197 794 3298 Francico
807 3218 849 3270 ax
861 3197 992 3269 diversa
1008 3217 1121 3290 poena

153 3338 257 3417 ‘inter
274 3335 399 3408 delicta
411 3338 595 3408 eterimina
615 3335 797 3430 distingui,
812 3357 891 3407 cum
908 3334 967 3406 illa
978 3335 1118 3410 distinc-

156 3477 220 3582 tio
241 3476 357 3566 potius
378 3474 537 3546 sumenda
547 3473 668 3546 fuisset
689 3479 731 3546 e'x
742 3467 814 3568 ipsa
826 3473 1013 3558 facinoris,
1048 3495 1121 3570 qno

162 3611 697 3706 qnis'a'ccosatur,turpi-tudiner
730 3612 1120 3690 namillifateanturna·

591 3768 593 3774 ·
632 3749 650 3824 1
937 3809 939 3813 v
1051 3773 1125 3826 ces·
