2800 4744
519 471 732 634 (fro)

156 713 158 720 '
209 715 373 788 Ceterum
403 735 505 806 quum
530 713 573 786 de
607 705 806 784 criminibus
826 703 861 784 'et
884 709 1018 784 delictis
1032 704 1110 808 'agl-

164 859 234 942 tur',
267 867 311 926 ex
331 852 556 948 singularibus
577 853 779 944 quibusdam
803 845 939 947 legibus
958 851 1111 945 plecten-

163 995 237 1079 dis,
263 991 445 1084 aliquando
467 990 601 1064 difficile
623 1005 675 1062 est
696 993 939 1076 milicenam,
965 992 1109 1064 formem

163 1132 326 1217 delinire,
368 1153 454 1222 quae
483 1131 517 1201 in
547 1131 777 1208 instrumentis
805 1129 847 1200 d'e
867 1129 935 1198 illis
959 1132 1108 1200 scriben-

162 1271 214 1340 dis
247 1267 454 1341 observanda
476 1272 543 1354 sit,
590 1287 625 1339 et
657 1271 716 1361 qui
746 1270 790 1339 sit
816 1267 956 1339 effectus
979 1267 1110 1341 formae

161 1429 232 1480 non
261 1407 478 1494 observotee3
514 1405 608 1499 quod
636 1427 728 1479 recte
753 1405 967 1478 tribuendum
992 1397 1108 1498 p'utatq

160 1569 262 1639 quem
289 1549 357 1640 jem
388 1545 597 1618 laudavimus
630 1544 872 1618 Rursummru
900 1547 1022 1637 partim
1056 1547 1109 1638 ip·
1201 1556 1203 1562 '

160 1707 271 1756 serum
310 1684 449 1779 legum,
494 1685 734 1767 decretorum,
772 1686 1107 1778 interpretationum-⁴,

160 1826 427 1914 rescriptorum,
461 1817 535 1894 rell.
560 1822 792 1910 multitudini,
820 1825 943 1915 partim
969 1845 1109 1916 quoque

151 1963 320 2056 legibus,
357 1961 417 2032 illa
448 1962 489 2032 de
518 1983 554 2032 re
583 1981 651 2031 non
676 1964 755 2032 satis
777 1949 956 2052 perspicue
975 1981 1011 2032 et
1031 1962 1110 2033 dili·

151 2069 298 2196 genter
323 2103 471 2190 scriptis.
509 2095 578 2192 (r)
639 2097 740 2170 Unde
764 2101 887 2170 merito
911 2099 1112 2196 colligitur-2

160 2213 344 2340 prudenter
365 2260 442 2308 eum
462 2237 653 2325 facturum,
679 2242 738 2330 qui
751 2239 786 2309 in
799 2239 989 2311 istiusmodi
1008 2238 1110 2310 libel-

160 2379 203 2449 lis
227 2377 449 2451 conficiendis
470 2372 556 2448 nihil
579 2379 738 2463 omittat,
783 2363 916 2469 dequo
939 2383 1107 2450 incertum

160 2537 236 2601 est,
260 2529 302 2586 an
325 2513 487 2602 libellus,
524 2515 593 2586 hoc
616 2501 767 2601 omisso,
791 2514 921 2584 inutilis
943 2514 1013 2587 liat.
1089 2515 1104 2540 ⁶

209 2653 372 2746 Denique
392 2656 519 2724 docent
542 2673 604 2722 nos
627 2652 781 2724 Merum
806 2648 895 2742 (2),
930 2649 984 2723 Lu
1009 2654 1112 2725 Gun-

161 2781 306 2866 vsnnu'u
329 2787 399 2886 (3)
429 2811 464 2862 et
492 2777 653 2862 Crunos
679 2777 748 2882 (4)
780 2779 912 2894 saepius
937 2791 1112 2862 tribunali-

163 2934 225 3002 bus
262 2930 409 3002 oblatam
442 2902 545 3000 fuisse
567 2931 819 3021 quaestionem:
855 2953 941 3021 quae
967 2933 1011 3000 sit
1031 2953 1112 3001 auc-

164 3073 281 3142 toritas
301 3059 600 3140 instrumentorum
622 3068 673 3138 de·
688 3069 886 3142 criminibus
899 3069 1112 3172 veldelictis

932 3257 934 3262 -
1003 3211 1113 3304 scrip-

222 3359 231 3400 1
273 3343 304 3402 lo
323 3341 390 3402 diss.
409 3359 489 3418 supra
508 3341 555 3402 cit.
572 3357 635 3416 pag.
656 3357 719 3420 142.
742 3357 822 3416 seqq.
1115 3399 1117 3408 .

274 3442 306 3500 ln
328 3455 401 3496 voce
408 3440 620 3514 procot-verbm,
640 3441 655 3515 §
672 3437 721 3496 lll.
743 3453 783 3498 nv.
799 3437 877 3498 xl11.
901 3437 957 3514 ets
975 3437 1023 3500 IV.
1034 3451 1064 3498 n·
1075 3439 1113 3505 X.

274 3535 338 3616 Pag,
358 3553 412 3608 224
431 3551 511 3608 seqq.

221 3621 255 3699 4)
274 3626 319 3684 nd
337 3637 389 3688 rrt.
407 3643 470 3704 ¹54·
488 3629 607 3690 mviii
628 3640 657 3687 et
676 3643 761 3702 seqq.
871 3659 873 3664 ·
