2804 4734
616 469 649 562 'i
697 472 813 567 68)

246 906 306 980 De
328 907 604 1003 magistratibus
623 905 856 986 tractoribus
870 903 1027 1008 publicis
1048 909 1193 1006 quibus,

288 1060 444 1144 praeter
476 1045 590 1142 Regis
612 1061 887 1142 procuratorem
911 1064 947 1119 et
962 1047 1143 1142 judicem,

341 1176 657 1262 instrumentorum
680 1183 1096 1288 conficiendorrmaucro·

261 1312 265 1320 ’
291 1323 292 1328 ‘
389 1325 506 1414 ritas,
530 1326 568 1400 r'r
582 1323 705 1399 Codice
717 1324 853 1424 legum,
863 1315 972 1424 sacta
983 1307 1047 1398 esi.
1153 1327 1159 1332 ’

260 1541 335 1616 ·'In
355 1545 443 1614 viam
462 1542 656 1628 redeamus,
686 1561 791 1634 equo
813 1541 860 1612 ob
880 1559 1047 1612 summum
1071 1556 1194 1634 quaet·

248 1684 351 1754 tionis
374 1701 582 1752 momentum
606 1679 711 1773 paulo
732 1677 870 1774 longius
892 1699 956 1750 nos
977 1677 1191 1776 esredigres*

246 1843 326 1906 sos,
356 1820 575 1892 contendenti
598 1817 700 1891 facile
723 1816 895 1913 largimur.
944 1815 1053 1911 Igitur
1073 1837 1116 1890 ex
1135 1839 1191 1890 or·

247 1959 326 2030 dinc
355 1981 456 2051 quem
486 1978 586 2049 supro
613 1958 994 2044 constituimussnunc
1018 1957 1119 2028 nobis
1140 1955 1193 2028 di·

248 2096 394 2168 cendum
438 2113 490 2165 est
532 2094 575 2164 de
605 2093 674 2164 illis
709 2064 958 2190 magistrotibus
1000 2095 1193 2170 etmctori·

247 2235 311 2306 bus
340 2232 513 2325 publicis,
549 2252 695 2323 quotum
731 2252 864 2324 practer
892 2231 1191 2326 Regieprocurt-

247 2390 356 2443 torem
393 2389 467 2455 est,
512 2372 597 2442 certi
632 2369 776 2464 alicujus
810 2373 944 2464 generis
977 2369 1192 2448 delictazv'el

246 2511 387 2584 crimino
414 2529 600 2600 eorumque
626 2526 784 2580 auctores
806 2510 1029 2603 investigare,
1064 2527 1100 2582 et
1120 2508 1192 2584 foc·

247 2666 281 2719 ta
314 2649 447 2720 dictave
482 2649 614 2738 scripto
648 2645 770 2718 libello
803 2647 1119 2740 comprehendere,
1146 2663 1193 2724 ut

245 2788 430 2882 posthaec
454 2786 496 2858 de
520 2785 589 2858 illis
612 2803 749 2880 agatur,
778 2789 837 2878 qui
851 2784 959 2881 Regis
978 2788 1193 2880 procuratori

246 2929 281 2999 in
300 2928 389 3011 hac,
417 2925 459 2998 de
472 2946 539 3018 qua
561 2924 729 3009 diximus,
754 2927 901 2996 muneris
919 2925 970 2996 sui
992 2927 1191 3016 porteouxi·

244 3064 296 3139 lio
329 3065 472 3150 adsunt,
512 3082 547 3134 et
580 3065 614 3134 in
645 3061 781 3158 legibus
808 3063 906 3158 hujus
936 3062 1102 3136 auxiliarii
1130 3086 1191 3156 up,

245 3204 436 3298 pellantur,
472 3201 660 3294 dequibus
682 3203 792 3295 agitur
816 3203 850 3272 in
873 3199 965 3274 Cod.
990 3204 1051 3274 cit.
1074 3200 1136 3274 lib.
1160 3201 1194 3276 Ι.

245 3364 323 3438 cap.
357 3341 402 3414 V.
434 3339 529 3430 quod
551 3339 764 3410 inscribitur:
799 3337 858 3412 des
894 3336 1040 3433 officiers
1070 3340 1112 3413 de
1127 3354 1191 3434 po·

245 3480 332 3566 lice,
355 3444 585 3552 'auxiliares
603 3475 651 3554 du
667 3489 872 3572 procureur
891 3477 1073 3573 imperial.
1098 3474 1169 3572 (1)

1141 3613 1192 3688 Ut

263 3757 508 3856 ¹t<1>ifldemtnr
525 3769 586 3831 (Μ.
603 3770 652 3829 cit.
669 3775 721 3835 ut.
739 3757 837 3846 [8-54t
