2800 4744
664 447 878 544 (130)

182 679 185 686 ’
264 663 268 674 ’
295 681 389 760 οεὲςε
412 701 484 769 est,
508 685 631 754 bonum
651 683 869 758 civisfamam
883 683 990 780 vulgo
1013 703 1048 756 et
1068 707 1114 757 ex
1134 685 1243 758 homi·

291 847 371 894 num
389 824 552 914 opinione
587 795 694 918 magis
722 823 892 916 sugillari,
918 826 1042 916 siquis
1071 829 1242 898 damnetur

292 965 426 1033 obrem
447 961 543 1032 alteri
564 962 624 1052 per
641 960 791 1032 fraudem
814 963 1028 1055 subreptam,
1049 965 1241 1056 cujuspoe-

290 1121 351 1186 na,
385 1099 569 1170 secundum
605 1099 716 1193 legem
748 1121 814 1189 40¹
843 1120 878 1170 et
901 1120 982 1194 405.
1006 1100 1143 1173 Codicis
1161 1115 1263 1194 poe·¹

290 1241 409 1320 nalis,
446 1240 653 1310 correctoria
681 1255 755 1324 est,
790 1259 890 1328 quam
924 1241 952 1308 si
978 1240 1024 1310 ob
1049 1238 1148 1310 alteri
1167 1239 1238 1312 vui·

289 1397 352 1448 nus
371 1375 522 1460 illatum,
552 1374 684 1471 exlege
699 1397 790 1470 309,
814 1375 868 1446 vel
882 1376 927 1446 ob
942 1377 1115 1470 injuriam,
1140 1383 1238 1471 quam

288 1516 424 1586 realem
452 1483 586 1602 dicunt,
610 1536 782 1586 sacrorum
796 1517 952 1584 ministro
965 1514 1109 1602 saetam,
1136 1517 1238 1588 e'xle·

284 1675 331 1748 ·ge
355 1655 435 1746 263.
459 1675 568 1744 poena
592 1653 758 1725 criminali
781 1653 953 1724 afficiatur.

334 1789 439 1863 Aliud
459 1815 564 1885 porro
586 1793 687 1886 idque
711 1813 866 1886 magnum
889 1791 1070 1864 discrimen
1093 1814 1169 1865 esse
1190 1795 1240 1866 vi-

284 1930 396 2002 dimus
433 1933 521 2000 iuter
558 1927 659 2001 fidem
694 1933 993 2002 instrumentorum
1027 1932 1070 2000 de
1100 1932 1237 2004 delictis

283 2067 526 2140 communibus
538 2070 763 2156 scriptorum,
789 2089 975 2160 eorumque
988 2091 1132 2160 quorum
1149 2073 1240 2143 tant'n

281 2223 336 2274 est
365 2205 575 2284 auctoritas,
613 2223 652 2273 ut
685 2225 762 2274 vera
797 2207 981 2277 habeantur
1009 2204 1119 2278 donec
1150 2205 1239 2278 falsu

284 2343 472 2436 probentur
494 2361 533 2411 ea
554 2343 706 2426 ratione,
742 2365 849 2434 quae,
875 2345 917 2415 ad
939 2341 1128 2433 exemplum
1148 2344 1238 2438 juris

281 2481 453 2565 Romani,
482 2481 668 2572 inscriptio
698 2482 736 2552 in
761 2483 900 2554 crimen
927 2479 1020 2578 falsi
1046 2479 1237 2572 appellatur

286 2624 320 2690 in
344 2619 478 2713 legibus
495 2612 681 2691 Fritncicis.
708 2616 775 2710 (r)
803 2619 954 2692 Modus
976 2623 1155 2703 autem‚in
1176 2621 1237 2693 lite

285 2759 326 2828 de
359 2757 416 2828 tali
448 2757 537 2828 falso
570 2757 821 2840 observandus,
856 2761 890 2828 in
914 2760 998 2848 ipsis
1022 2759 1158 2853 legibus
1178 2761 1235 2831 de-

283 2897 411 2970 finitur.
438 2893 506 2989 (α)
555 2895 611 2968 Ex
624 2896 685 2968 'his
712 2915 822 2969 autem
844 2895 977 2990 iegibus
1001 2919 1160 2991 apparet,
1187 2921 1234 2969 ta-

1162 3036 1232 3107 'lem

322 3217 458 3298 (1)Vid.
482 3213 685 3292 Briffuisseliug
707 3235 763 3275 van
785 3224 873 3296 eem'ge
888 3219 1104 3296 Regtsgcleerden
1125 3238 1187 3278 over
1201 3201 1234 3278 rie

283 3306 455 3390 asnstaande'
469 3310 680 3376 ,uiderlandseie
703 3317 865 3388 naming,
895 3327 923 3372 te
943 3313 1063 3391 Leyden
1085 3319 1167 3392 1819.
1191 3311 1235 3391 4⁴⁸

284 3413 365 3469 brief
375 3408 465 3470 biadz.
487 3412 540 3482 196
560 3425 594 3464 en
613 3407 687 3480 volg.

323 3501 377 3574 (α)
398 3503 459 3562 vid.
479 3505 543 3562 Coele
552 3501 664 3559 a’lnstr.
675 3503 758 3560 Crim.
768 3515 820 3559 art.
830 3505 884 3578 448
896 3519 975 3580 seqq.
987 3503 1049 3568 add.
1061 3507 1125 3568 code
1134 3506 1234 3568 dePro-

282 3596 377 3660 nume
394 3597 492 3666 civile,
522 3608 574 3655 art.
592 3611 649 3670 224
665 3609 746 3671 seqq.
766 3610 797 3657 et
806 3613 872 3675 427.
