2804 4734
259 443 291 488 vt

260 613 493 690 remittentem,
512 614 658 676 tucdonao
678 615 835 692 excepisti,
855 629 885 676 et
905 615 941 676 its
959 629 1006 676 me
1030 618 1204 692 languentem

260 732 413 802 recreasti,
431 745 463 792 ut
479 745 659 806 cognatorum
679 730 847 790 desiderium
867 731 930 792 iere
946 731 1045 792 delere
1056 733 1204 797 videreris.

259 849 323 910 Stet
340 861 445 922 quaeso
462 863 516 922 pto
534 847 628 906 verbis
650 861 744 922 grecus
762 847 881 920 animus,
911 862 976 908 cum
1005 865 1055 926 pat
1075 851 1134 924 pari
1156 866 1203 910 re-

258 965 468 1040 ferre.sempet
491 967 518 1022 in
537 965 589 1040 piis
608 963 675 1022 mihi
694 965 748 1022 erit
768 965 852 1025 votis.

297 1081 451 1157 Reputanti
469 1095 557 1156 porro
578 1079 645 1142 mihi
664 1093 826 1138 transactum
848 1079 900 1139 hac
924 1079 951 1138 iu
973 1078 1203 1140 Academhtem·

258 1213 332 1274 pus,
349 1198 500 1258 multorum
522 1197 656 1266 aliorum,
678 1193 803 1254 doctrina
822 1209 852 1254 et
864 1195 1021 1256 eruditione
1043 1197 1203 1274 praestanti·

259 1329 307 1373 um
337 1313 467 1373 Virorum
496 1313 563 1372 mihi
594 1313 667 1372 tubat
689 1309 868 1382 recordatio,
887 1327 1006 1400 quornm
1038 1311 1201 1372 humanitate

263 1443 294 1488 et
316 1407 513 1490 benevolentis
533 1427 658 1503 adiutus,
684 1428 802 1488 amicitia
822 1441 852 1488 et
870 1425 1072 1488 consuetudine
1091 1441 1203 1488 omarus

259 1561 329 1604 som.
376 1545 512 1620 imprimis
534 1559 688 1604 memorare
710 1543 777 1602 mihi
799 1543 881 1602 liceat
904 1543 1098 1610 lieentum
1120 1546 1202 1604 Ann-

257 1677 397 1734 rzttttos,
419 1661 522 1749 Jttsost
540 1661 724 1724 Rimmon
746 1677 784 1722 os
807 1661 924 1729 Bautis
956 1673 986 1719 et
1009 1659 1143 1720 thntm
1158 1660 1203 1720 ss-

257 1795 358 1851 Mons,
381 1777 443 1841 VV.
462 1781 541 1849 CC„
560 1794 678 1851 quorum
696 1777 738 1835 uti
755 1789 786 1836 et
800 1777 960 1836 Ertsctroru
979 1775 1148 1835 institutione
1159 1777 1203 1836 uti

257 1895 324 1952 mihi
342 1894 470 1968 contigit.
506 1893 566 1952 iios
581 1903 674 1950 autem
684 1893 824 1954 Viros'Ci.
840 1907 870 1952 et
881 1885 918 1952 ob
930 1889 1152 1952 eruditionemet
1162 1893 1199 1952 oh

258 2010 357 2068 coliate
379 2009 406 2065 in
423 2023 469 2065 me
490 2005 649 2077 beneficia,
667 2007 935 2084 humanitatemque,
953 2025 1007 2084 quc
1025 2025 1137 2083 semper
1154 2025 1202 2068 er·

257 2141 290 2199 gs
313 2139 358 2181 me
378 2123 421 2181 osi
442 2123 570 2182 fuerunt.
592 2139 691 2196 magno
711 2123 818 2184 honore
842 2138 873 2184 et
893 2127 998 2202 pietate
1021 2125 1086 2184 mihi
1105 2127 1206 2185 colem·

257 2238 308 2298 dos
332 2253 395 2297 csse
418 2237 564 2314 profiteor.
601 2240 660 2300 Vos
683 2257 778 2300 omnes
800 2240 849 2299 diu
872 2257 934 2300 cum
956 2243 1057 2302 vestris
1079 2242 1138 2301 sitis
1159 2243 1201 2300 iu-

257 2357 406 2426 columes3
436 2370 468 2416 ut
497 2356 584 2432 patria
613 2357 750 2419 honorem
772 2343 930 2435 cohorsque
953 2357 1073 2421 studiosa
1093 2361 1203 2420 fructus

256 2473 414 2533 obcrrimos
434 2471 499 2533 inde
518 2474 664 2550 percipiat.
