2800 4744
540 439 754 550 (¹37)

170 699 251 762 cota
268 699 421 782 quanta,
451 687 602 791 ebbella
620 692 815 783 praesertim
838 711 916 764 curn
939 689 1126 786 gentibusa

154 843 304 899 -tantunr
337 847 407 900 uon
435 829 618 915 omnibus,
643 852 663 900 a
685 829 826 902 Francis
848 847 966 922 gesta,
991 828 1119 914 fuerit,

171 967 307 1039 abunde
327 967 476 1060 probant
497 965 616 1062 leges,
649 967 693 1038 ad
714 966 772 1038 illa
796 965 920 1038 delicta
945 965 1124 1060 probanda

174 1109 336 1200 scriptae.
397 1104 506 1200 Igitur
528 1108 664 1200 egregie
691 1105 817 1176 dixisse
848 1105 949 1175 nobis
970 1106 1123 1190 videtur,

175 1260 278 1338 quem
311 1243 416 1314 rnodo
448 1243 680 1328 laudavimus,
725 1263 801 1316 vau
829 1241 1029 1315 Rnrrnnn:
1063 1240 1130 1316 het

176 1397 265 1454 mort
284 1380 554 1476 seraondnang
574 1381 707 1468 baren,
732 1381 797 1454 dat
816 1399 890 1454 aun
902 1403 1015 1453 ,senen
1035 1401 1133 1454 som··

176 1521 244 1592 mis
276 1518 342 1590 dtr
376 1519 598 1614 balatta'ngen
626 1531 734 1592 maer·
752 1517 875 1614 gelaof
887 1519 1003 1593 worda
1021 1539 1128 1614 gege-

178 1667 266 1743 πη,
297 1655 374 1729 'dan
399 1677 475 1730 nan
501 1671 607 1730 senen
628 1645 865 1755 regterlajken
888 1657 1129 1746 ambtenaarg
1196 1663 1197 1666 ’

179 1793 264 1868 liar
293 1813 376 1866 soor
395 1793 468 1867 lran
485 1795 603 1868 alleen
629 1795 814 1867 sentrude
834 1794 1015 1890 gerunden
1037 1817 1127 1867 wor-

182 1933 246 2005 den
277 1934 316 2006 in·
345 1928 387 2005 de
412 1931 543 2020 zucht,
580 1952 634 2006 om
662 1931 741 2004 toth
761 1933 886 2005 noorai
902 1934 990 2026 gean
1004 1931 1130 2029 finan·

183 2072 287 2146 eleale
310 2072 581 2166 oaerrredtngan
604 2068 807 2181 ongestraft
832 2087 867 2144 te
889 2072 1001 2144 laten.
1027 2067 1096 2165 (1)

191 2225 204 2270 ἲ
229 2209 392 2300 Denique
424 2207 603 2284 articulum
631 2231 666 2302 4.
696 2207 769 2282 Tit.
805 2231 851 2283 oo
884 2209 968 2282 Cod.
995 2211 1056 2284 cit.
1092 2225 1132 2284 ct

171 2347 275 2444 leges
299 2369 438 2442 quoque
455 2347 657 2443 singulares,
695 2370 781 2442 quae
800 2352 1050 2437 instrumentis,
1086 2351 1129 2421 de

183 2486 358 2560 nonnullis
394 2485 530 2562 delictis
565 2489 726 2579 scriptis,
770 2489 932 2582 majorem
963 2485 1063 2560 fidem
1094 2507 1140 2560 et*

172 2627 424 2700 auctoritatem·
449 2625 621 2710 tribuunt,
653 2645 754 2717 quarn
778 2646 864 2718 quae
885 2626 952 2720 juri
976 2647 1132 2698 commu·

158 2767 220 2836 sni
249 2765 429 2858 congruit,
460 2782 547 2856 quae
577 2783 662 2857 ergo
685 2765 906 2836 instrumenta
924 2763 967 2836 ab
990 2763 1059 2836 hoc
1078 2765 1134 2858 ju·

174 2923 222 2974 re
255 2921 400 2994 excepta
433 2921 532 2986 sunt,
567 2899 778 2996 abrogandas
810 2921 906 2987 esse,
939 2915 984 2974 eo
1007 2902 1134 2974 conlit-

187 3044 269 3118 nrari
293 3042 445 3125 videtur,
472 3040 567 3133 quod
589 3038 673 3112 licet
694 3038 768 3112 sola
785 3041 972 3128 contrarii,
1008 3044 1058 3113 uti
1081 3027 1132 3113 di·

185 3195 271 3254 eunt
288 3231 302 3267 ,
319 3181 525 3274 probatione
545 3199 664 3251 eorum
676 3181 728 3250 vis
739 3197 774 3250 et
785 3181 969 3254 auctoritas
980 3179 1136 3275 frangan-

188 3337 268 3408 tur,
305 3337 396 3392 tanta
428 3336 539 3391 tamen
558 3316 641 3392 fides
664 3317 734 3390 illis
762 3319 1137 3391 instrumentishabea-

1063 3477 1138 3550 tur,

198 3641 205 3660 «
227 3607 364 3692 (nvn.
381 3611 510 3676 Walter
527 3629 583 3678 aaa
600 3609 831 3692 mauranus,
849 3627 911 3691 raa·
925 3615 990 3715 187·
