2804 4734
664 429 864 548 ἱ(48)

285 686 412 770 ¹stater
431 667 474 746 ta
488 683 622 746 namra
636 684 673 744 u
690 639 1040 758 ies'circonstances,
1059 671 1093 744 ie
1112 682 1246 766 temps,

285 811 329 896 ,le
358 807 520 884 lieu-das
541 808 646 898 deliis
669 825 710 899 et¹
727 808 787 882 des
810 809 1121 896 contraversum,
1146 811 1247 882 ainsi

254 973 260 989 ·
294 969 363 1048 que
387 949 438 1022 tes
454 961 608 1043 preuves
629 964 667 1022 et
687 949 737 1022 les
758 947 892 1023 indices
910 947 1017 1046 quio
1041 966 1176 1052 curant
1190 963 1246 1044 pu

293 1109 340 1162 en
358 1088 557 1162 recueillir.
582 1085 604 1182 Ε
611 1082 652 1180 1)
1000 1163 1004 1176 ,

289 1205 294 1214 ’
343 1225 569 1302 Instrumenta
588 1248 718 1320 porro,
741 1225 919 1320 dequibus
941 1227 976 1298 in
998 1225 1062 1321 hac
1075 1225 1097 1317 §
1110 1227 1244 1320 agitur,

290 1365 483 1440 secundum
504 1367 611 1438 varias
633 1364 791 1461 legescx
811 1365 938 1460 quibus
960 1363 1242 1464 proficiscuntur,

296 1503 483 1578 secundum
511 1507 624 1578 varios
652 1525 793 1600 quoque
816 1506 1031 1600 magistratus
1054 1522 1089 1573 et
1111 1522 1246 1580 actores

295 1643 480 1742 publicos,
504 1645 565 1738 qui
584 1643 644 1718 illa
661 1643 839 1728 scribunt,
855 1643 952 1732 ¹varie
973 1660 1116 1735 possunt
1128 1642 1253 1724 dividi„

295 1781 382 1856 Prae
405 1785 528 1856 ceteris
549 1800 662 1856 auteur
680 1782 905 1856 divisionibus
926 1779 986 1852 illa
1006 1783 1149 1870 maxime
1161 1803 1246 1874 pro·

295 1921 408 1994 banda
425 1921 526 1994 nobis
545 1923 681 1994 videtur
704 1919 1117 2018 quamprincipiobujus
1134 1921 1156 2013 §
1175 1921 1245 2016 jann

297 2061 536 2145 exhibuimus,
555 2073 623 2152 qua
643 2060 864 2134 instrumenta
886 2061 1014 2152 scripta
1033 2058 1113 2131 talia
1127 2059 1246 2133 dicun·

298 2216 372 2282 tur,
393 2215 480 2290 quae
495 2197 561 2268 rei
578 2215 621 2268 err
642 2199 818 2270 communi
833 2197 909 2294 jure
934 2195 1125 2284 criminali,
1145 2207 1247 2271 arna-

244 2359 247 2375 ·
297 2335 591 2432 gistratibussunt
608 2333 841 2424 conficienda,
866 2337 990 2431 quibus
1000 2357 1121 2410 munus
1133 2336 1246 2410 datum

296 2492 352 2546 cst
371 2493 407 2546 ct
424 2474 574 2552 officiurn
594 2476 794 2570 impositum
813 2495 1046 2570 quaecumque
1059 2475 1188 2548 delicta
1210 2493 1247 2548 et

295 2614 464 2701 crimina,
487 2633 576 2708 quae
595 2614 795 2688 communia
816 2613 924 2712 vulgo
943 2613 1174 2709 appellantur,
1187 2635 1246 2695 eo-

297 2774 443 2848 rumque
471 2772 630 2826 auctores
647 2753 904 2848 investigandi,
918 2753 1077 2866 'quidque
1096 2753 1246 2839 facturn,¹

297 2911 434 2990 gesmnr
447 2889 619 2966 dictumve
631 2890 899 2987 luerit,scripto
917 2893 1247 2988 comprehendendi,

183 3055 185 3062 ¹
289 3051 338 3108 ,ut
361 3031 439 3104 inde
460 3005 634 3106 accusatio
656 3033 845 3124 comparari
868 3050 970 3126 atque
992 3032 1177 3106 secundum
1198 3033 1247 3106 lc-

298 3189 360 3264 ges
382 3172 525 3257 instrui,
553 3138 721 3264 judicinrn
740 3191 880 3268 quoque
903 3173 1152 3266 suscipiatque
1173 3170 1248 3255 red·

299 3307 335 3382 di
366 3310 495 3405 possit,
530 3310 589 3384 sel
615 3328 725 3406 quae,
740 3331 805 3396 -tx
831 3301 994 3407 singulari
1016 3309 1129 3408 aliqua
1149 3309 1247 3408 lege,

284 3643 290 3654 .
339 3594 394 3676 (ι)
412 3597 477 3662 uu
494 3601 963 3692 usitatissimos,

1390 1460 1397 1629 l

1206 3449 1278 3522 ἂν
