2800 4744
553 385 826 486 (uois

187 638 230 692 ut
250 621 291 691 ab
305 619 369 694 hac
387 624 586 716 cognitione
607 623 692 697 iilud
705 625 774 718 non
786 625 1133 728 pendeatqqueprop·

18 737 20 744 ¹
187 777 239 830 ter
253 760 329 852 jure
352 761 608 835 instrumentum
636 763 840 836 conficiendi
864 764 914 834 uti
948 783 1063 854 potest
1075 764 1148 834 tri-·
1237 834 1238 837 ,

187 888 315 984 bunal,
338 901 468 970 etiamsi
491 901 599 972 altero
620 923 758 994 quoque
777 903 852 994 jure
876 901 941 971 sibi
964 911 1133 974 concesso

185 1055 257 1106 uon
273 1057 394 1108 utatur.
444 1037 545 1110 Unde
570 1042 672 1135 igitur
694 1038 937 1132 colligendum.
949 1058 1132 1140 putarunt,

189 1173 255 1244 tole
291 1177 576 1262 instrumentum,
612 1197 682 1248 non
718 1196 886 1268 tamquam
919 1177 1041 1246 nudam
1075 1177 1134 1248 de÷

187 1313 440 1410 nunciationem
473 1314 879 1401 considerandum-esse,
912 1335 1029 1386 vetum
1049 1331 1143 1386 tem·¹

187 1461 287 1541 q'uam
314 1450 380 1520 tale
401 1451 785 1552 quodvproce'sotrbol
805 1451 1006 1547 appelletur.

190 1651 193 1658 .
236 1587 377 1660 Verum
403 1589 467 1660 hac
505 1593 636 1660 ratione
658 1591 822 1661 wnondum
855 1590 967 1662 soluta
1003 1590 1136 1662 videtur

189 1728 343 1818 quaestio
375 1725 417 1797 de
449 1729 483 1798 vi
517 1727 591 1798 talis
624 1730 869 1814 instrumenti,¹
896 1749 996 1820 quam
1028 1729 1133 1798 modo

188 1867 454 1957 proposuimus,
479 1865 549 1935 illis
573 1866 697 1957 quibus
725 1885 795 1937 non
827 1865 941 1960 placet
970 1868 1134 1938 sententia

141 2098 145 2106 ι
176 2002 351 2090 illorum,
377 2005 435 2095 qui
449 2025 510 2095 pet
532 2003 598 2076 tole
618 2005 876 2075 instrumentum
889 1981 904 2090 ,¹
923 2003 1031 2111 Regis
1052 2027 1133 2095 pto-

190 2143 340 2215 curatori
375 2142 583 2228 exhibitum,
615 2141 720 2213 solam
753 2142 870 2246 delicti
904 2141 1136 2218 denunciatio

188 2301 266 2350 nem
299 2279 386 2351 fieri·
409 2281 583 2354 affirmant.
644 2279 753 2376 lgitut
783 2281 840 2352 alii
864 2281 1041 2368 dixemnt,
1077 2281 1139 2352 ilio

188 2419 407 2510 instrumenta
438 2421 586 2511 scripta,
624 2441 728 2511 quum
765 2441 834 2489 non
873 2423 995 2492 sintin
1030 2419 1137 2491 classe

187 2579 329 2637 eorum,¹
370 2579 456 2649 quae
488 2545 635 2650 excepta
670 2555 909 2649 appellantur,
946 2557 1025 2628 ideo
1052 2552 1137 2650 quio

186 2697 407 2786 exceptiones
419 2716 600 2786 numquam
614 2695 658 2766 od
681 2695 762 2765 alios
784 2716 899 2766 causas
921 2713 997 2766 sunt
1018 2714 1135 2766 exten·

186 2832 338 2918 dendae,
374 2833 416 2904 ad
447 2854 485 2904 ea
508 2855 647 2926 quoque
665 2832 839 2904 referenda
862 2853 953 2919 esse,
986 2839 1134 2924 quorum

185 2972 237 3042 uis
261 2991 322 3064 per
346 2973 508 3044 contrarii
536 2972 773 3063 probationem
798 2969 941 3044 tollitutt

131 3127 134 3132 ·
233 3107 305 3179 Alii
337 3129 420 3180 vero
453 3112 487 3180 in
519 3130 558 3179 ea
590 3127 667 3180 sunt
699 3111 891 3197 sententia,
922 3127 960 3181 ut
981 3127 1131 3201 putent,

185 3246 245 3318 illu
273 3251 492 3348 iustrumenta
514 3268 628 3318 revera
650 3247 692 3318 ad
711 3247 838 3318 nullam
860 3246 1039 3318 referenda.
1056 3269 1133 3348 esse

185 3363 327 3456 clossem
359 3407 500 3468 eorum,
535 3386 577 3458 de
609 3381 733 3479 quibus
767 3387 878 3480 agitur
903 3387 939 3456 in
969 3387 1044 3459 citt.
1066 3407 1132 3460 art·

190 3542 260 3614 154
278 3543 312 3594 et
338 3526 416 3616 189.
440 3521 532 3595 Cod.
555 3515 662 3594 instr'.
686 3525 813 3608 crim.;
832 3545 908 3594 nam
937 3503 988 3596 de
1006 3527 1133 3598 instru-

83 3699 84 3704 =
186 3681 326 3750 mento,
353 3683 373 3734 a
397 3659 555 3734 tribunali
577 3660 763 3734 secundum
789 3681 851 3736 art.
882 3681 954 3756 504
975 3683 1010 3735 et
1032 3687 1129 3758 seqq.

1041 3823 1130 3874 lcon-

552 4005 616 4207 s,
