2804 4734
690 364 862 511 (a)

308 655 350 728 da
370 675 466 727 usum
480 653 634 728 translata
645 655 819 741 doctrina,
842 674 928 748 quae
952 656 1056 728 estde
1072 659 1247 750 probatio

308 795 431 880 nibus,
451 795 643 879 contineri,
661 793 873 888 intelligitur.
917 793 1026 866 Porro
1047 797 1076 865 si
1097 797 1248 868 attenda-

306 953 399 1016 mus,
422 931 513 1002 illam
526 931 784 1004 esselrominum
802 929 1039 1018 calliditatem,
1062 951 1101 1004 ut
1119 933 1246 1006 delicta

305 1090 404 1163 quarn
417 1071 549 1163 possint
561 1068 648 1142 clatn
659 1085 879 1163 perpetrent,
894 1089 962 1142 nou
982 1071 1178 1142 mitandum·
1189 1089 1247 1147 est

305 1226 358 1280 tot
379 1209 518 1278 crimina
537 1208 713 1302 incognita
733 1227 890 1293 manere,
916 1209 1017 1278 tantis
1038 1210 1169 1303 quippe
1192 1211 1244 1280 ins

304 1343 423 1416 voluta
444 1343 615 1432 tenebris,
638 1362 678 1418 ut
698 1363 742 1414 ne
761 1346 898 1436 ingenio
920 1344 1057 1438 quidem
1090 1348 1247 1420 acutissi-

303 1505 362 1556 mo
385 1501 420 1553 et
442 1503 572 1554 summa
594 1503 674 1554 cura
694 1481 874 1576 iudicum,
899 1503 940 1554 ea
961 1503 1147 1576 eorumque
1167 1485 1244 1560 van

303 1641 458 1696 auctores
486 1621 598 1716 detegi
622 1623 768 1714 possint.
817 1617 977 1712 Denique
998 1621 1026 1691 si
1045 1622 1244 1694 consideres

302 1757 401 1846 ntus,
424 1782 497 1831 eam
519 1760 681 1831 humanae
703 1760 825 1830 mentis
851 1757 1120 1830 imbecillitatem
1142 1763 1245 1846 esse,

301 1918 340 1970 ut
362 1919 461 1991 saepe
480 1897 635 1968 homines
658 1915 694 1967 se
727 1895 853 1983 delicta
880 1898 1043 1989 repetisse
1075 1897 1241 1968 arbitren-

302 2056 380 2123 tur,
406 2055 491 2128 quae
525 2053 664 2126 prorsus
698 2053 767 2105 non
788 2047 942 2121 exstant,
965 2053 1005 2106 ut
1030 2031 1241 2110 delictorum

301 2191 416 2246 revera
435 2174 692 2244 commissorum
711 2189 889 2256 auctores,
902 2174 962 2265 qui
976 2169 1240 2260 talrsoousunr,

300 2332 337 2383 se
376 2309 542 2403 detegisse
574 2309 743 2394 credant,
768 2307 807 2383 ut
828 2296 1022 2403 ‘aliquando
1040 2313 1240 2384 innocentes

300 2449 499 2544 puniantur,
515 2445 732 2518 absolvantur
742 2466 832 2518 uero
847 2467 1030 2534 nocentes,
1048 2448 1148 2521 ,facili
1170 2471 1240 2522 *nes

301 2590 403 2683 gotio
421 2585 621 2680 intelligitur
634 2621 654 2672 ,·
669 2589 835 2679 optinum
858 2585 1062 2678 praesidium
1083 2609 1157 2680 quo
1178 2587 1239 2662 illa

299 2725 515 2798 incommoda
543 2742 741 2808 arceantur,
778 2719 929 2814 positum
961 2745 1058 2808 esso,
1076 2745 1165 2798 'vtum
1191 2729 1238 2798 in

298 2867 452 2970 ratione,
477 2885 576 2956 quarn
598 2861 692 2956 leges
708 2863 813 2933 uariis
838 2862 960 2954 quibus
981 2864 1140 2956 probatio
1163 2864 1236 2936 lieri
1351 2893 1354 2900 ¹

297 3007 407 3096 possit
427 3002 546 3072 formis
569 3001 744 3083 tribuunt,¹
764 3017 834 3070 turn
856 3021 938 3072 vero
967 3003 1067 3072 etiam
1080 3005 1239 3074 maximo

294 3143 331 3213 in
343 3117 596 3236 diligentissima
609 3139 841 3231 quaestionum
853 3139 924 3210 sive
937 3161 1107 3212 causarum
1121 3143 1236 3213 crinal·

295 3283 421 3351 nalium
445 3279 697 3370 disquisitione,
717 3293 752 3346 et
761 3258 1064 3369 judicumanimis,
1081 3279 1236 3353 doctrina

297 3417 339 3487 de
357 3417 558 3506 probatione
580 3411 666 3485 b'ene
687 3415 889 3502 instructis,
905 3432 945 3485 et·
962 3417 997 3486 in
1014 3417 1127 3489 omnia
1144 3439 1235 3510 quae

295 3553 435 3626 crimina
446 3569 599 3647 spectant
610 3571 645 3623 et
662 3551 895 3648 delinquentes
911 3552 1068 3652 adjuncta
1083 3557 1237 3630 utenda

1141 3696 1161 3793 §
1187 3693 1233 3768 ll.
