2800 4744
664 464 933 564 (7³)-

283 703 482 798 praeposito
510 699 711 790 indicanda,
744 721 785 776 ut
811 701 1046 798 delinquentes
1068 705 1234 798 postulari

281 843 439 936 possint3
474 841 688 934 quibuspro
704 827 842 916 'viribus
863 841 1062 936 descriptis,
1089 863 1161 916 tum
1184 847 1243 918 di··

280 980 427 1052 cendum
452 983 538 1068 etit,
570 1002 638 1076 qut
660 979 808 1053 formula
830 980 873 1053 de
896 983 1097 1056 criminibus
1117 1003 1154 1054 et
1176 983 1233 1054 de·

279 1118 376 1192 lictis
409 1119 651 1192 communibus
682 1141 727 1192 ex
759 1119 882 1194 codiee
913 1121 1145 1194 iustrumenta¹
1166 1125 1241 1194 sint:

282 1257 475 1332 scribenda.

329 1393 438 1492 Quod
464 1397 569 1490 igitur
594 1395 638 1468 nd
665 1415 798 1471 actores
819 1395 985 1492 publicos
1002 1418 1039 1471 et
1059 1401 1238 1494 megistus·-

282 1553 337 1608 tus
365 1537 511 1626 attinet,
541 1535 668 1629 quibus
690 1535 751 1608 iila
773 1536 816 1608 de
836 1537 1063 1633 rebus-gestis
1086 1538 1238 1610 dictisve·

279 1675 503 1746 instrumente
523 1675 695 1750 scribendi
712 1676 769 1770 jus
789 1693 862 1762 est,
894 1676 1168 1770 quandoquidem
1189 1677 1232 1749 il·

280 1811 326 1884 iis
361 1815 397 1888 in
427 1833 491 1886 art.
525 1835 549 1907 9
577 1812 660 1886 Cod.
680 1814 742 1886 cit.
766 1812 910 1886 facultas
932 1813 1025 1887 secta
1044 1836 1097 1888 est
1119 1834 1155 1887 et
1177 1815 1230 1888 us-

280 1951 398 2026 ficium
432 1954 632 2046 impositum
666 1955 809 2025 crimina
844 1951 901 2024 vel
936 1953 1065 2028 delicte
1095 1973 1239 2027 tomum-11

279 2109 348 2184 que
377 2109 534 2164 suctores
565 2091 809 2186 investigandi,
844 2111 884 2164 ut
909 2090 969 2164 illu
987 2095 1167 2184 perspicua
1189 2093 1239 2164 fi-.

278 2247 338 2300 unt
366 2227 471 2316 illis,¹
490 2249 637 2324 quotum
667 2249 720 2300 est
749 2229 806 2301 vel
838 2251 970 2304 cauum
995 2249 1031 2300 et
1052 2229 1150 2301 litem
1169 2233 1226 2302 in·

277 2387 426 2454 struere,
461 2367 516 2440 vei
546 2385 625 2440 reos
653 2369 689 2440 in
715 2367 851 2463 judicio
876 2371 1033 2464 persequi
1062 2387 1098 2438 et
1119 2389 1237 2441 accus,
1394 2365 1398 2397 ⁵

274 2529 370 2593 sure,
394 2509 478 2580 varii
509 2525 588 2580 sunt
620 2509 708 2578 etin
731 2507 877 2614 dirersis
895 2509 1085 2602 diguitatis,
1116 2529 1239 2602 prop--

274 2663 327 2717 ter
349 2665 471 2718 munus
494 2667 565 2742 quo
584 2643 792 2742 funguntur,
823 2646 915 2724 iocis
946 2649 1054 2741 positi
1088 2665 1236 2721 actores·

271 2784 325 2858 illi
343 2803 379 2856 et
398 2787 623 2880 magistratus.
671 2783 763 2858 Illud
786 2785 1001 2858 menifestum
1024 2805 1078 2858 est
1099 2807 1143 2860 ex
1163 2789 1235 2860 cite

270 2943 334 2997 nrt.
351 2945 375 3017 9
383 2925 507 3018 juncto
526 2943 590 2997 ert.
611 2945 667 2997 ιο.
690 2923 738 3018 ej.
754 2921 837 2996 Cod.
884 2921 964 2998 Nee
983 2923 1096 2998 sulum
1114 2947 1220 3018 prop·

270 3080 324 3134 ter
353 3061 519 3136 diversam
549 3061 766 3158 dignitatem,
795 3083 916 3134 uemm
946 3065 1047 3134 etiam
1078 3085 1233 3159 propren·

267 3202 443 3294 proprium
456 3203 604 3274 muneris
615 3203 666 3273 sui
685 3203 877 3286 rationem,
897 3204 950 3274 uti
961 3223 1062 3296 supra
1072 3203 1220 3275 vidimus

267 3361 373 3432 quum
402 3337 583 3434 defflRegis
610 3341 843 3433 procuratoris
872 3340 1065 3436 eJudicis,
1101 3361 1231 3420 causas·

266 3495 311 3579 et·
330 3475 409 3548 lites
442 3479 650 3565 ordinantis,
686 3479 839 3574 pertibus
868 3479 932 3554 hac
964 3482 997 3550 in
1020 3500 1056 3550 re
1076 3478 1220 3552 diversis

265 3627 439 3707 ageretur,
454 3621 458 3674 ἓ
473 3617 654 3692 veriorum-
670 3635 826 3694 actorum
848 3616 1081 3714 publicorum·
1091 3635 1129 3689 et
1147 3639 1215 3692 mn·

1159 3755 1212 3850 si·

1381 718 1396 1087 il
