2804 4734
659 443 851 544 (toi

283 709 352 786 qut
385 683 509 760 Frtnci
538 661 735 780 appellunt,
782 659 1030 772 sustinect,
1065 685 1102 754 in
1134 663 1235 781 cujus

285 845 418 920 poenae
441 823 558 898 locum
579 843 671 898 nunc
692 803 793 917 ⁴opud
820 843 883 894 nos
904 821 1086 896 substitute
1109 825 1164 894 est'
1182 826 1240 898 in-'
1263 883 1268 892 .

286 962 409 1036 fomite
430 961 641 1049 declaratio,
666 957 735 1056 (t)
760 981 928 1055 tamquam
952 979 1055 1034 testes
1074 961 1240 1052 admitti}

282 1121 346 1194 *tut
374 1121 543 1194 tamquam
570 1101 651 1173 ortis
676 1098 820 1196 alicujus
849 1103 979 1194 petitos
1000 1101 1114 1190 viros,
1148 1101 1236 1174 reio-

285 1241 384 1313 tione
418 1239 531 1326 factt,
560 1239 668 1334 judici
705 1237 805 1312 fidem
834 1239 947 1314 facere
976 1261 1092 1335 posse.
1151 1205 1237 1314 Non

286 1381 378 1452 enim
406 1397 545 1452 necesse
575 1395 646 1450 erut
666 1397 705 1450 ut
727 1378 769 1451 de
792 1376 861 1450 illis
884 1377 1088 1453 facinorosis
1107 1377 1240 1473 aliquid

213 1597 219 1609 ,
286 1519 326 1592 io
352 1493 442 1590 dictu
465 1516 543 1614 lege
566 1519 851 1603 constitueretur,
888 1516 1164 1610 qnandoquidem
1193 1537 1239 1590 ex

286 1656 435 1731 articulo
475 1657 517 1730 18
551 1655 703 1752 ejusdem
741 1655 835 1730 Cod.
870 1655 978 1729 Poen.
1008 1657 1160 1755 mortem'
1188 1658 1241 1730 ci·'

285 1795 393 1870 vilem
422 1771 569 1868 subeunt
591 1813 663 1868 tum
690 1795 836 1868 damuati
866 1795 909 1866 ud
938 1815 1059 1887 opetus
1080 1811 1147 1887 per
1164 1815 1240 1868 otn-

287 1952 367 2007 nem
387 1931 554 2028 reliquum
576 1936 681 2005 vitam
703 1934 941 2027 praestandus,
967 1951 1037 2004 tum
1059 1933 1159 2004 etiam
1177 1935 1238 2026 qui

211 2085 215 2100 ·
286 2071 524 2165 deportantur.
572 2067 685 2165 Hujus
701 2090 813 2144 tutem
834 2073 955 2144 mortis
975 2069 1130 2146 civilisis
1151 2094 1239 2166 quo-
1293 2109 1299 2120 ·

254 2199 257 2204 ’
290 2228 359 2304 que
382 2226 435 2278 est
458 2207 619 2332 effectus,
655 2229 694 2282 ut
729 2213 789 2304 qui
822 2231 897 2282 eum
929 2209 1048 2284 subett
1078 2210 1122 2336 ob
1145 2211 1239 2284 omni

287 2349 488 2428 testimonio
507 2367 670 2422 arceuttn.
696 2345 767 2445 (2)

338 2484 448 2582 Quod
476 2505 589 2560 tutem
620 2486 662 2561 de
693 2489 892 2561 testimonio
919 2487 998 2562 solo
1026 2490 1061 2560 in
1082 2487 1140 2562 illa
1160 2488 1240 2584 lege
1349 2487 1352 2495 '

288 2623 385 2706 cod.
413 2625 493 2700 Ciu.
520 2627 665 2717 dicium,
700 2647 771 2700 non
802 2627 938 2700 obstate
959 2628 1115 2717 videtur,
1152 2633 1239 2722 qtto-'

290 2768 402 2838 minus
431 2765 522 2837 idem
545 2785 684 2859 quoque
706 2765 750 2838 ad
769 2787 831 2840 eos
853 2766 1053 2840 extendatur
1075 2767 1155 2863 qui,
1189 2759 1247 2842 t't)

291 2907 335 2979 tis
351 2907 477 3001 petiti,
499 2904 541 2978 nd
551 2905 729 3001 iudicem,
752 2905 835 3000 quid
854 2907 920 2978 sibi
942 2904 1108 2992 videntur,
1132 2909 1239 3036 scrip·

293 3064 333 3118 to
358 3048 584 3140 instrumento
609 3021 766 3120 referant
826 3045 1123 3144 Quemadmodum
1149 3027 1239 3118 enini

288 3181 381 3266 illud
398 3188 575 3284 negotium
593 3205 664 3259 non
685 3187 828 3260 minoris
851 3203 904 3258 est
926 3188 1091 3260 momenti
1112 3184 1240 3258 haben·
1286 3193 1291 3202 “

652 3335 656 3343 “
1158 3325 1240 3398 dum

330 3477 384 3556 (r)
401 3480 466 3544 Viri.
486 3480 610 3542 edictum
629 3484 727 3542 summi
747 3499 785 3544 eo
803 3439 930 3556 temnote
947 3477 1066 3539 foedere
1075 3438 1244 3552 'ijectino‘
1288 3445 1292 3452 Ι

288 3579 427 3648 qttondnm
447 3578 818 3668 nniurutnul’rovincitnrom,
838 3577 990 3662 Principis,
1008 3572 1066 3636 diei
1079 3591 1110 3640 tr
1130 3576 1244 3664 tut-Dc·

291 3672 413 3736 cembris
431 3689 456 3733 a.
471 3675 550 3746 1813.

327 3770 382 3854 (u)
400 3766 455 3835 Vid
470 3779 522 3830 ert.
538 3782 584 3844 ts.
600 3769 617 3847 ς
634 3781 663 3844 5.
682 3768 744 3828 cod.
756 3767 817 3829 Cir.
