2800 4744
616 399 639 492 (
691 401 755 496 138
804 396 831 494 ).

247 655 325 724 rur,
359 653 396 708 ut
422 633 505 706 licet
534 633 577 704 ab
599 655 668 705 uno
692 637 758 706 sint
783 633 964 718 confecta,
988 653 1110 712 ‚temen
1131 634 1199 709 hu·

244 773 301 870 jus
336 775 478 851 assertio
512 771 712 866 plerumque
746 773 854 844 voleat
885 774 1036 852 duorum,
1059 776 1195 846 testium

249 915 495 986 asseveratione
515 911 645 1004 jurata,
680 930 818 984 necesse
841 914 895 982 sit.

291 1051 455 1124 Ceterum
490 1070 709 1142 quascunque
742 1048 783 1121 de
812 1050 1010 1122 criminibus
1042 1050 1193 1142 proban·

243 1189 318 1278 dis,
349 1209 384 1260 et
405 1211 424 1260 e
444 1189 559 1282 judice
583 1211 649 1280 pro
670 1191 759 1260 veris
782 1187 837 1259 uel
860 1209 930 1260 non
950 1190 1038 1260 veris
1062 1188 1191 1262 huben·

244 1328 297 1398 dis
328 1327 481 1424 regulos,
517 1329 589 1398 sive
623 1327 700 1398 fidei
724 1330 997 1415 restrictionem,
1021 1329 1093 1399 sive
1116 1343 1189 1398 orn·

241 1466 441 1558 pliationem
474 1483 651 1559 spectent,
688 1467 723 1542 lu
752 1464 886 1558 legibus
910 1467 1111 1538 constitutas
1132 1485 1191 1538 aut

242 1593 509 1698 ascriptoribus
539 1604 674 1676 traditas
690 1601 855 1700 legerim,
891 1604 954 1676 huc
978 1625 1045 1675 unt
1071 1621 1191 1676 omnes

240 1744 486 1834 comprehendi
505 1763 634 1836 posse,
671 1740 806 1816 scilicet
828 1740 927 1814 iidem
941 1746 1077 1814 testium
1090 1746 1191 1815 unice

239 1901 283 1954 ex
312 1883 454 1954 arbitrio
474 1883 599 1978 judicis
621 1881 791 1974 pendere,
822 1883 935 1952 verior
958 1882 1091 1954 videtur
1111 1904 1190 1952 sen·

239 2023 354 2091 tentia.
414 2019 527 2114 Quam
557 2020 697 2092 eandem
736 2023 934 2094 sententiam
960 2019 1188 2114 colligendam

237 2177 311 2230 esse
339 2177 382 2229 ex
409 2177 508 2246 supra
529 2155 618 2232 laud.
641 2155 665 2226 l.
686 2177 705 2248 3
730 2158 751 2248 §
777 2181 811 2230 α.
831 2157 934 2229 Pond.
962 2157 1003 2228 de
1024 2155 1057 2227 T
1053 2159 1184 2229 estibus

237 2296 360 2366 rnerito
389 2312 527 2386 quoque
556 2295 666 2366 visurn
690 2314 742 2365 est
765 2293 933 2370 Luusurto
964 2299 997 2366 in
1022 2296 1184 2372 meditat.

236 2430 413 2508 adPand.
439 2431 499 2526 Sp.
513 2435 594 2526 283.

283 2571 444 2666 Denique
474 2574 590 2654 variae·
610 2572 712 2644 nobis
738 2573 829 2666 apud
856 2575 1042 2668 scriptores
1063 2596 1187 2650 occur·

235 2733 314 2786 runt
345 2715 561 2805 quaestiones
591 2711 633 2794 de
663 2681 913 2798 instrumentis,
950 2735 1037 2805 quae
1067 2734 1188 2784 secun·

234 2852 314 2923 dum
343 2851 438 2946 leges
466 2850 602 2927 Codicis
625 2848 737 2924 Insrr.
762 2851 874 2924 Crim.
897 2873 980 2945 quas
1004 2873 1106 2944 supra
1127 2873 1187 2924 ex-

231 2989 362 3084 plicare
392 2967 507 3064 conari
538 3011 677 3074 sumus,
714 2994 841 3083 scripte
870 3011 969 3075 sunt,
1006 3011 1065 3064 eut
1092 2991 1186 3062 utili-

232 3129 297 3202 bus
319 3149 353 3200 et
373 3129 515 3214 validis,
541 3149 597 3200 rut
619 3128 721 3202 nullis
742 3137 777 3201 e't
802 3129 989 3204 inutilibus.
1039 3129 1188 3203 Possunt
1295 3177 1299 3186 «

231 3289 345 3340 autern
375 3291 538 3361 quantum
570 3268 727 3361 equidem
760 3272 834 3346 scio
864 3268 906 3343 od
930 3288 1109 3364 sequentes
1132 3291 1187 3342 re—

230 3406 323 3481 ferri.
384 3407 567 3502 Quaeritur
600 3410 714 3496 enim,
745 3429 787 3479 tm
820 3407 968 3502 aliquem
997 3410 1031 3477 in
1051 3407 1184 3502 Judicio

230 3548 388 3638 persequi
420 3546 523 3619 liceat
558 3566 702 3641 propter
730 3550 879 3648 ctimgn¹
899 3547 955 3622 vel
994 3545 1182 3638 delictum,

1134 3683 1178 3754 de
