2800 4744
547 441 762 545 (139)

167 682 210 756 de
241 703 318 775 quo
349 679 414 754 tale
445 682 724 766 instrumentum,
752 681 854 774 quale
861 683 1133 778 procis-uerbum

167 821 390 914 appellatur,
426 823 591 912 scriptum
614 838 770 901 nonest.

218 959 335 1032 Porro
369 958 432 1030 aliu
465 979 517 1029 est
547 961 723 1051 quaestio,
753 980 795 1029 an
817 961 1037 1032 instrumenta
1058 981 1128 1032 non

165 1099 289 1177 ,solum
311 1120 331 1168 a
355 1097 519 1168 saltuariis
543 1100 691 1192 scripta,
722 1118 839 1168 verum
863 1099 964 1170 etiam
987 1083 1033 1170 ab
1052 1100 1129 1170 aliis

164 1238 210 1311 ad
254 1236 469 1328 disciplinam
516 1235 691 1330 publicam
733 1235 890 1308 tuendam
930 1239 1128 1308 constitutis

166 1375 424 1470 magistratibus
455 1395 489 1444 et
517 1374 718 1448 officialibus
742 1375 917 1466 publicis,
949 1377 1008 1468 qui
1033 1377 1128 1446 ordi-

164 1517 221 1584 nis
247 1534 347 1600 sunt,
381 1533 483 1606 quem
508 1516 543 1584 in
574 1513 709 1608 legibus
732 1513 824 1586 Cod.
847 1516 928 1602 cit.,
952 1515 993 1588 la
1009 1515 1126 1608 police

158 1652 369 1747 judiciuin
393 1651 587 1744 appellari,
634 1670 735 1742 supra
766 1653 936 1734 vidimus,
974 1674 1047 1724 eam
1070 1654 1125 1746 ju.

166 1791 241 1862 dici
276 1789 401 1866 faciant
423 1789 547 1872 fidem,
584 1811 622 1860 ut
644 1791 728 1861 haec
755 1789 865 1885 frangi
892 1811 963 1862 non
990 1794 1125 1884 possit,
1228 1848 1229 1858 ,

166 1931 233 2000 nisi
264 1949 326 2021 per
348 1931 606 2020 inscriptionem
632 1930 665 1996 in
688 1927 822 2000 falsum.

217 2066 328 2141 Paulo
371 2067 543 2140 difficilior
570 2065 703 2138 solutu
747 2063 921 2138 nonnullis
954 2069 1026 2138 visa
1066 2086 1120 2138 cst

167 2209 352 2300 quaestio,
389 2206 542 2278 valeatne
571 2206 680 2298 quod
719 2209 885 2299 scripturn
922 2210 967 2277 sit
1000 2209 1127 2277 instrue

168 2363 323 2416 mentum
356 2367 376 2416 a
407 2347 603 2438 magistratu
633 2345 688 2416 vel
720 2365 836 2418 actore
857 2346 1022 2438 publico,
1052 2367 1126 2418 noo

168 2483 292 2556 induto
322 2502 416 2555 veste
442 2483 496 2554 vel
531 2483 743 2578 insignibus,
779 2485 846 2575 ipsi
879 2505 1023 2578 propter
1049 2507 1124 2556 mu-

168 2642 234 2698 nus
255 2643 326 2715 quo
347 2621 533 2716 iunguntur
553 2623 714 2714 propriis.

178 2827 184 2842 .
218 2761 381 2854 Denique
421 2759 603 2854 aliquando
642 2779 782 2852 quoque
815 2760 850 2832 in
884 2759 1021 2852 judiciis
1040 2760 1126 2852 agi.

171 2919 243 2980 tataw
282 2921 322 2974 et
367 2899 584 2972 tribunalium
642 2899 816 2970 sententiis
864 2896 1015 2990 judicata
1059 2896 1126 2968 luit

171 3041 361 3132 quaestio,
409 3058 522 3109 utrum
553 3037 737 3110 secundum
772 3035 866 3130 leges
897 3015 1124 3108 necessarium

171 3179 240 3266 sit,
276 3196 314 3248 ut
353 3181 573 3249 instrumenta
608 3176 650 3248 de
685 3175 884 3247 criminibus
919 3195 953 3246 et
988 3173 1123 3246 delictis

171 3317 436 3404 communibus,
480 3314 617 3386 abillis
650 3314 898 3408 magistratibus
932 3331 967 3384 et
998 3316 1124 3386 actori,

171 3455 237 3528 bus
265 3455 437 3546 publicis,
474 3455 516 3528 dc
537 3455 668 3547 quibus
698 3456 733 3524 in
757 3454 954 3545 quaestione
978 3453 1125 3524 secunda

173 3592 335 3682 diximus,
362 3597 509 3687 scripta,
533 3595 570 3672 in
594 3591 724 3668 tabulas
747 3594 818 3666 sive
842 3591 1005 3688 publicos
1025 3615 1124 3665 com-

1029 3754 1122 3803 men·
