2800 4744
641 382 669 476 i.
715 385 781 476 ¹s6
828 379 851 474 )

285 653 290 660 ·
322 617 385 690 Ut·
404 633 513 690 autern
544 631 606 688 art.
641 639 676 708 4.
705 615 777 690 Tit.
809 639 867 690 ιο.
894 639 960 710 pro
989 637 1065 705 an,·
1087 618 1126 690 de
1147 619 1243 712 qui.

271 756 439 839 diximus,
476 774 570 847 parte
599 753 761 840 tollatur,
798 776 868 827 non
894 756 1004 828 solutu
1027 779 1136 830 rerum
1155 779 1239 830 na·.

275 911 346 964 tura
375 893 696 981 sunderaviderur,
728 896 971 985 verumetiam
1003 897 1077 986 ipse
1097 915 1158 967 art.
1184 916 1225 990 52

270 1031 423 1126 ejusdem
454 1029 527 1102 Tit.
559 1035 595 1104 in
623 1053 694 1125 quo
718 1032 865 1128 iegitur:
898 1035 1060 1128 generlei
1083 1034 1239 1131 beryas.

272 1169 407 1242 miridel
425 1171 490 1242 zai
510 1186 567 1242 rar
587 1170 851 1270 aaroordeeiing
872 1191 943 1244 tran
965 1194 1026 1244 een
1049 1170 1225 1268 beklaag-

273 1309 317 1380 de
343 1307 387 1405 af
402 1307 647 1404 berthuldigdc
668 1309 894 1404 verpligtend
914 1309 1012 1406 atyn,
1049 1331 1226 1386 wannear

274 1447 318 1518 eie
357 1464 480 1541 regrer
517 1448 593 1519 niet
632 1446 880 1520 duarenboven
913 1447 1091 1520 uoikomen
1123 1471 1236 1521 orer-¹

275 1585 381 1682 ruigd
409 1587 463 1674 ir,
497 1585 563 1658 dat
589 1585 674 1659 deza
702 1585 762 1658 hrt
780 1583 858 1658 laam
880 1602 941 1660 ten
963 1587 1054 1660 laste
1074 1589 1235 1682 gelegda

274 1722 444 1824 misdry'f
467 1722 639 1822 aaarirjk
679 1721 777 1820 heeft
817 1725 967 1819 begaan.
1033 1724 1099 1796 Est
1131 1729 1226 1800 euim

273 1863 1226 1956 umffiffimmmmmffla

275 2000 398 2088 iidem,
434 2010 535 2093 q'unm
564 2020 626 2072 nrt.
658 2023 682 2091 4
709 2001 889 2074 nonnullis.
906 2004 1136 2082 instrumentis
1163 2006 1232 2075 tri-r

276 2140 353 2210 buit
387 2157 489 2229 atque
520 2137 692 2210 concedit.
753 2137 896 2232 Insuper
916 2159 968 2210 est
991 2141 1228 2227 monendum,.

239 2351 242 2358 Ι
277 2277 399 2348 ruitum
411 2273 541 2358 videri,
564 2275 727 2370 majorem
738 2275 837 2356 fidem
859 2279 1042 2351 habendam
1060 2277 1221 2366 esseilli,

277 2416 337 2508 'qui
366 2413 520 2486 inferiori
552 2412 661 2499 loto,
705 2415 752 2488 ob
788 2436 908 2488 munus
941 2439 1012 2510 quo
1044 2416 1221 2512 fungitur,

277 2553 470 2628 collocatus
496 2573 571 2639 est,
617 2575 718 2646 quarn
749 2577 856 2648 quae,
891 2556 1075 2628 secundum
1103 2555 1223 2651 leges,

278 2697 469 2790 superioris·
493 2693 620 2803 ordinis
652 2696 860 2788 magistratui
890 2713 925 2766 et
944 2695 1075 2787 judici,
1111 2695 1239 2790 Regia

278 2837 381 2908 etiam
417 2833 656 2926 procuratori,
698 2835 728 2904 si
758 2833 800 2904 de
822 2831 959 2904 delictis
975 2835 1224 2907 ‘communibus

278 2992 416 3069 agatur,
441 2973 605 3058 habetut;
628 2973 723 3064 quasi
742 2972 1026 3066 tnagisambigua
1046 2992 1134 3044 esset
1158 2975 1227 3045 ho·v

269 3107 372 3196 rum,
395 3133 496 3204 quarn
518 3109 763 3182 illorumfides.
811 3107 939 3182 Verum
953 3112 1145 3194 enimvero,
1170 3113 1222 3184 uti

274 3243 343 3349 jam
373 3253 506 3343 saepius
534 3269 634 3342 supra
663 3247 828 3335 diximus,
863 3231 1106 3338 instrumenta,
1143 3252 1222 3342 qui-

275 3390 342 3460 bus
376 3390 485 3482 major
510 3387 592 3458 fides
615 3408 715 3479 quarn
744 3389 866 3460 cereris
897 3387 1062 3474 habetur,
1096 3387 1221 3460 delicta

274 3542 451 3619 spectant,
486 3527 521 3598 in
555 3525 712 3601 damnum
744 3529 859 3601 aerarii
882 3527 1087 3616 commissa,
1124 3527 1222 3625 cujus

1157 3683 1218 3735 cu·
