2804 4734
584 446 612 540 Ι<
662 449 709 541 ⁶9
755 437 786 536 i

252 675 433 755 Utautem
446 681 500 754 tia
512 679 555 756 ad
568 681 804 776 ea‚quaehoc
815 676 901 754 ioco
912 677 1054 752 dicenda
1066 698 1164 766 suntt·

213 821 302 898 bene
333 839 539 907 sternatur„
555 839 661 918 utque
695 821 780 894 haec
812 819 934 894 melius
967 817 1160 914 intelligan-

215 959 658 1045 tur,tnnimndvettendum
678 977 755 1046 est,
785 979 922 1030 omnem
945 957 987 1030 de
1009 959 1160 1032 crimini.-

214 1098 280 1175 bus
301 1097 485 1172 etdelictis
497 1101 749 1191 quaestionem,
774 1099 846 1166 sive
859 1115 960 1168 omne
974 1095 1160 1188 judicium,

213 1237 312 1330 quod
337 1250 540 1329 processum
572 1237 678 1331 vulgo
714 1235 853 1320 dicunt,
893 1233 941 1306 .de
964 1233 1162 1305 criminibus

218 1393 258 1446 et
288 1374 446 1461 delictis,
488 1376 638 1468 quinque
667 1376 884 1467 potissimum
917 1374 1028 1446 causis
1060 1373 1165 1464 origi·

212 1531 296 1586 ,nem
320 1512 485 1598 deberet⁴¹
500 1531 582 1606 quas
605 1512 658 1584 liti
683 1514 855 1606 proximas
868 1512 997 1584 dicete-
1013 1509 1148 1582 liceat..

254 1649 320 1724 10.
346 1649 449 1723 Enim
479 1651 558 1722 inde
586 1651 629 1724 lis
659 1649 754 1724 ducit
782 1651 949 1744 originem
976 1669 1013 1720 et
1032 1649 1166 1722 initium

220 1789 368 1878 nabet„
395 1789 490 1884 qnod
522 1789 565 1861 ad
600 1789 635 1860 id
666 1789 1167 1882 constitutimagistnatustx

216 1927 299 2000 tolo
322 1928 458 2016 officio‚·
489 1929 555 2000 sibi
578 1949 782 2020 pet-munus
803 1947 874 2021 quo
896 1926 1083 2020 funguntur
1103 1926 1167 1996 im·

220 2069 360 2162 posito,
396 2070 431 2137 in
465 2069 606 2139 crimina
626 2085 666 2142 et
683 2065 809 2138 delicta
836 2068 1034 2159 inquirunt,
1060 2077 1166 2158 puta,

214 2207 249 2278 ¹ti
280 2205 347 2278 tale
380 2205 545 2278 delictum
578 2204 634 2276 vei
667 2207 795 2277 crimen
828 2207 1049 2297 commissum
1073 2225 1166 2289 esset

211 2365 291 2418 nes·
308 2363 360 2416 est
386 2363 532 2418 notant
555 2344 648 2437 apud
677 2365 796 2418 omnes
825 2344 1043 2439 pervulgata,
1079 2363 1168 2437 qune

208 2485 337 2577 igitun
353 2484 454 2554 etiam
472 2485 638 2576 pervenit
663 2483 705 2553 ad
734 2485 890 2554 notitiam
913 2481 1021 2576 Regis
1045 2502 1169 2572 procn-

220 2622 365 2706 tatoris,
399 2617 454 2691 vel
487 2619 580 2692 iilius
612 2622 716 2691 etiam
741 2621 867 2714 judicis
902 2618 946 2692 de
968 2639 1170 2710 quo=saepe

212 2755 392 2829 miximus:
442 2753 510 2828 En
530 2775 606 2828 artt.
642 2760 735 2828 enim
773 2779 820 2851 47
859 2775 894 2830 et
930 2755 972 2828 61
1012 2755 1170 2826 manifes-

215 2913 295 2970 -tunt
307 2912 378 2980 est,
404 2891 463 2964 tali
485 2895 525 2966 in
544 2915 643 2968 causa
655 2895 806 2988 iudicem
826 2893 968 2966 crimina
978 2893 1169 2984 horumque

222 3052 379 3106 auctores
412 3033 637 3127 investigate,
670 3030 834 3123 litemque
858 3032 1043 3116 instruere,
1067 3033 1188 3126 igitut.

213 3175 443 3248 instrumenta
454 3169 495 3242 de
516 3172 666 3246 etimine'
682 3169 855 3242 delictove
879 3169 1057 3242 scribenda
1087 3192 1171 3242 con·

212 3309 350 3396 meere,
384 3314 460 3382 sive
487 3309 557 3385 hoc
583 3311 696 3402 ipsum
731 3313 890 3402 petiverit
914 3308 1023 3405 Regis
1040 3331 1172 3402 ‚procu-

216 3467 339 3533 ,nntom
368 3450 442 3520 nive
463 3448 549 3520 illud
572 3467 694 3540 sponte
718 3449 944 3536 sua-fecerit,
970 3449 1169 3556 nodotum

223 3601 300 3662 anta
321 3605 561 3686 gestavetcum
577 3585 643 3696 ilio
654 3587 759 3686 judex
780 3592 1031 3679 communicen
1056 3610 1095 3662 et·
1109 3593 1171 3662 ubi

240 3737 246 3744 '
1087 3747 1175 3820 opus
