2800 4744
682 465 901 584 (146)

325 731 412 807 qaae
447 709 708 787 homimem
743 709 786 782 de
821 709 951 802 deiiem
981 713 1187 804 praecipuae
1222 715 1263 787 ad

325 848 419 944 quod
448 847 715 946 investigandum
741 851 903 942 occupati
929 867 1042 938 erant3
1073 851 1262 924 adeotatae

324 1007 436 1058 autem
457 988 593 1080 injurias
610 1005 668 1062 eut
686 985 809 1059 delicta
829 986 1025 1080 probanda,
1042 1009 1112 1059 non
1125 990 1261 1082 eandem

325 1127 394 1198 vim
413 1128 634 1196 instrumento
656 1126 784 1198 tribuit.
832 1123 893 1196 Sin
909 1141 1020 1198 autem
1036 1127 1123 1218 quid
1153 1130 1284 1200 vemas·

288 1235 292 1244 ’
326 1263 409 1336 mihi
422 1261 594 1348 videatur,
612 1265 756 1358 ingenue
774 1263 936 1356 quidem,
959 1264 1110 1340 modeste
1129 1286 1261 1352 tamen,
1287 1309 1289 1312 -

326 1402 439 1474 dicere
457 1403 539 1473 mihi
561 1401 684 1492 liceat,
707 1402 863 1496 equidem
885 1421 1038 1496 putarem
1050 1419 1065 1488 ‚'
1079 1408 1262 1500 generatim

319 1543 471 1634 cuique,
494 1541 634 1622 crimine
656 1540 712 1612 vel
724 1539 852 1614 delicto
864 1559 1042 1617 accusato,
1058 1541 1261 1623 liberrimam

325 1699 398 1750 esse
441 1679 564 1750 debere
605 1677 790 1773 legitimam
826 1681 876 1752 sui
908 1677 1155 1755 defensionem.
1203 1681 1262 1754 Sia

326 1839 409 1888 vero
446 1818 490 1892 ab
527 1817 595 1890 hoc
627 1817 776 1911 justitiae
814 1835 850 1888 et
881 1819 1059 1910 aequitatis
1090 1820 1262 1914 principio

312 1949 505 2048 'aliquando
546 1957 593 2027 ob
626 1975 744 2050 graves
779 1973 894 2028 causas
913 1941 1153 2028 secedendum
1187 1977 1262 2032 esse

324 2093 438 2186 legum
472 2093 642 2166 conditori
661 2095 770 2168 visum
793 2095 861 2178 sit,
886 2113 930 2164 eo
950 2094 1087 2185 quidem
1114 2092 1261 2180 effectu,

323 2249 361 2302 ut
387 2231 491 2302 certis
514 2230 763 2322 magistratibus
786 2230 1084 2316 aotofficialibus,
1107 2231 1150 2302 ad
1169 2251 1262 2304 certa

324 2387 387 2438 eta
399 2368 519 2438 ceteris
531 2365 636 2438 veluti
647 2387 790 2460 excepta
810 2368 933 2461 delicta
949 2367 1145 2462 probanda,
1171 2387 1260 2442 tanta

324 2505 406 2578 fides
419 2506 579 2576 habeatur
588 2525 744 2597 quantae
760 2527 878 2578 norma
896 2508 1101 2600 praescripta
1110 2505 1260 2588 recedit,

324 2663 396 2716 tum
415 2663 508 2716 certe
529 2643 613 2717 illud
635 2643 901 2738 restringendum
936 2647 1019 2728 erio,
1054 2645 1097 2717 ad
1125 2643 1184 2716 illa
1204 2643 1262 2716 de·
1310 2653 1312 2666 '

324 2783 405 2855 licta
446 2800 482 2854 et
514 2801 708 2874 quaecum
744 2780 813 2854 illis
850 2785 1041 2856 necessario
1081 2784 1263 2856 cohaerent

324 2922 481 3016 adjuncta
514 2919 713 3013 probanda,
747 2940 818 2994 non
850 2941 934 3006 ¹aero
964 2921 1008 2994 ed
1041 2903 1134 3010 alia,
1161 2941 1262 3014 quae·

322 3079 468 3151 cumque
489 3061 578 3144 aiut,
597 3061 791 3134 communia
809 3078 849 3131 et
867 3079 887 3130 a
902 3057 1102 3152 segulanon
1118 3077 1263 3152 excepto

323 3179 447 3270 delicta
461 3195 719 3268 extendendum.
751 3195 878 3293 igitur,
895 3215 1066 3270 exnostra
1075 3199 1260 3284 sententia,

324 3338 384 3428 qui
417 3335 459 3406 ad
484 3333 592 3426 sylvas
631 3335 768 3406 tuendas
809 3337 987 3420 constituti
1029 3353 1106 3408 sunt
1141 3334 1263 3408 saltua-
1382 3375 1383 3384 i

318 3474 388 3560 ¹rii,
430 3492 488 3544 eut
520 3493 563 3542 ne
591 3473 719 3543 aerario
736 3485 910 3544 'noceatur
933 3471 1092 3549 officiales
1112 3473 1261 3566 publici·

322 3629 389 3702 que
404 3627 538 3682 actores
561 3612 684 3700 creati,
707 3633 771 3708 per
791 3613 1034 3702 instrumenta,
1055 3631 1076 3684 a
1096 3632 1134 3683 se
1153 3613 1261 3705 scrip·

1204 3767 1261 3833 to,
