2804 4734
560 392 751 518 (aa.)

177 633 285 736 ludici
301 655 372 733 quo
389 632 431 712 ad
453 634 631 711 veritatem
651 634 826 730 pervenire
849 637 973 730 possit,
1021 633 1134 734 ¹Igitur
1201 697 1203 705 Α

178 777 207 856 ai
219 797 262 870 ex
274 774 343 848 illis
364 757 499 874 ir'rdiciis
517 795 675 865 constat,
699 778 771 852 sive
789 749 970 870 probabile
993 794 1064 864 est,
1085 753 1132 852 ab⁴

66 993 69 998 ,
177 913 274 1008 aliis,
297 914 365 1010 fide
387 915 521 1012 dignis,
542 914 585 988 de
608 915 750 996 crimina
773 913 941 1010 hujusque
963 879 1133 1008 adjuncria

178 1023 412 1145 testimonium
446 1055 517 1130 dici
549 1073 678 1146 posse,
713 1051 839 1148 Juarcrs
873 1054 961 1138 erit,
996 1055 1026 1126 ει
1058 1054 1130 1130 hoc

175 1194 260 1313 ¹ipsi¹
277 1190 321 1264 ad
351 1212 423 1266 rem
454 1190 568 1268 facere
597 1191 773 1277 videatur,
808 1191 910 1272 etiarn
942 1190 1007 1264 hor
1029 1207 1134 1292 testea
1256 1239 1269 1270 ι

177 1327 517 1424 audire,horumqare
539 1331 756 1425 testimonio,
778 1346 817 1404 ιιι
837 1330 903 1402 sibi
925 1328 968 1410 de
990 1334 1134 1416 veritate

177 1435 400 1568 perruadeat‚
420 1467 521 1540 talem
542 1467 642 1542 fidem
665 1467 872 1562 adjungere,
907 1469 1042 1562 qualem
1065 1471 1135 1566 ipri

177 1607 230 1688 rei
260 1627 301 1680 ac
324 1627 492 1702 personae
515 1608 605 1704 ratic
626 1606 802 1704 postulare
824 1605 992 1688 videatur.
1039 1603 1133 1690 Hinc

176 1744 284 1840 igitur
299 1763 459 1841 apparet,
479 1765 524 1818 eo
546 1745 697 1821 consilio
719 1761 832 1840 eoque
853 1742 922 1816 fine
943 1744 979 1818 in
999 1743 1055 1838 jus
1077 1739 1137 1853 aa·

176 1885 269 1964 mitti
289 1886 431 1982 crimine
453 1883 664 1970 damnatum,
701 1901 740 1958 ut
760 1883 867 1958 exiis
888 1903 975 1984 quae
999 1883 1058 1960 hic
1080 1885 1133 1958 in.

175 2021 363 2110 dicaverit,
385 2021 521 2118 aliunde
541 2021 626 2116 quid
646 2043 762 2096 verum
786 2023 833 2094 sir
842 2021 953 2116 judici
976 2041 1134 2104 constare

172 2163 312 2262 possit3
336 2180 422 2258 ergo
455 2159 565 2250 illud,
589 2163 637 2233 ita
667 2159 778 2256 judici
818 2161 1009 2240 exhibitum
1044 2161 1135 2238 indi·

175 2301 292 2386 cium,
328 2299 395 2394 ipsi
423 2316 594 2395 tamquam
628 2297 724 2380 filum
755 2317 826 2388 est,
861 2301 960 2396 qu’us
987 2300 1130 2409 ductura

171 2441 202 2534 ai
226 2439 285 2512 hic
305 2455 484 2534 sequatur,
515 2435 608 2516 haud
628 2459 706 2510 raro
728 2440 919 2536 contingit,
949 2457 989 2512 ιιι
1009 2435 1051 2514 ad
1071 2459 1132 2511 ve·

173 2543 310 2660 ritatem
337 2576 472 2648 tandem
497 2578 726 2670 perveniatur.
774 2575 885 2650 Porro
909 2575 994 2650 licet
1013 2578 1048 2647 in
1070 2579 1155 2665 cir..

174 2714 254 2812 lege
288 2714 333 2788 28
367 2685 438 2784 norr
469 2713 512 2806 de
535 2715 697 2794 omnibus
717 2714 870 2804 dicatur,
895 2715 956 2808 qui
972 2705 1021 2786 'ad
1046 2731 1132 2808 poe·

172 2871 255 2931 nam
276 2847 487 2924 criminalem
509 2851 750 2938 condemnati,
769 2853 851 2932 hinc
873 2869 908 2922 et
919 2849 1057 2922 infamia
1068 2870 1133 2924 no·

175 2991 238 3064 tati
261 3007 360 3075 sunt,
383 2988 475 3070 reia.
503 3007 575 3070 noa
596 3005 708 3064 tamen
728 2985 809 3072 ,ideo
837 2977 1024 3084 putandum
1055 3006 1132 3080 ert,

173 3128 329 3224 reliquos
359 3130 420 3224 qui
456 3128 492 3200 in
520 3127 652 3204 crimen
679 3145 715 3200 er
744 3145 893 3227 poenam
924 3126 1133 3228 criminalem

174 3266 358 3366 inciderint
375 3265 592 3341 facinorosos
610 3265 786 3351 homines,
811 3264 929 3360 quales
946 3265 1135 3380 suntrana·

175 3407 248 3510 arati
261 3403 303 3480 ad
314 3425 434 3500 operas
455 3403 875 3502 publicarinperpetuum
895 3407 1135 3511 praestandas,

174 3561 236 3622 aut
257 3545 318 3642 qui
340 3541 415 3636 aola
437 3538 498 3624 illa
518 3563 631 3642 poena
655 3565 758 3642 quarn
778 3541 1019 3643 degradarron
1041 3548 1132 3622 cira·-

1062 3703 1131 3784 que
