2800 4744
519 449 765 552 s1³1).

93 698 98 704 '
142 691 218 764 iem
240 691 331 782 ipsas
347 687 487 762 modum
508 692 783 784 praescripsisse,
809 693 918 786 qualis
940 693 1032 768 utilis
1050 698 1099 770 vi·

140 833 306 914 debatur,
321 849 363 898 ne
375 829 451 920 quis
463 849 588 900 temere
602 829 702 902 fidem
713 851 850 925 negaret
861 836 1097 922 instrumento,

143 969 193 1040 de
216 969 359 1040 crimine
377 966 435 1038 *vel
461 966 590 1040 delicto
613 971 765 1060 scripto,
781 971 825 1041 ab
850 991 894 1044 eo
917 976 976 1064 qui
998 975 1041 1046 ad
1065 975 1100 1048 id

139 1110 187 1179 -m
220 1107 366 1200 publico
396 1126 533 1177 munere
562 1125 614 1178 est
644 1111 874 1214 constitutum¹
896 1132 982 1201 quae
1003 1112 1044 1184 de
1063 1136 1100 1188 re

142 1248 200 1316 ita
223 1245 332 1340 thus
356 1247 390 1316 in
418 1249 519 1318 citata
543 1245 710 1338 epistola:
736 1245 834 1318 datar
851 1247 934 1320 dcze
959 1247 1101 1323 rerkla·

149 1385 239 1478 ring
273 1381 367 1476 (van
395 1381 623 1474 valachiam)
647 1383 761 1482 altrjd.
775 1407 857 1456 eene
881 1386 1100 1484 baleea'igt'ng

145 1544 235 1595 acor
273 1523 339 1594 den
371 1523 617 1609 amaremur,
653 1545 725 1595 van
759 1522 891 1596 walkan
924 1523 985 1598 lter
1018 1523 1099 1600 stult

144 1660 404 1759 ajkvmstiga‘s,
431 1661 559 1750 bavar,
574 1683 626 1733 en
647 1659 703 1758 luj
722 1659 903 1734 dactrdoor
926 1680 985 1735 ten
1008 1665 1099 1736 min-

147 1817 203 1873 ste
228 1820 300 1874 ran
330 1797 664 1894 ligtaaa'rdighet'd‚
700 1821 760 1872 zoa
788 1800 863 1872 niet
881 1797 1101 1876 aan'kwade

145 1955 290 2024 procaci
315 1940 429 2047 mardi
447 1937 699 2032 beschuldigd,
724 1937 869 2009 vordert
888 1938 983 2037 ztjnc
1014 1962 1097 2029 ser,

149 2099 194 2152 en
219 2076 280 2150 laet
301 2078 431 2172 belang
452 2077 535 2150 door
555 2077 596 2150 da
618 2093 686 2148 wer
705 2077 744 2148 r'n
761 2075 803 2149 de
825 2077 1099 2174 angescltonden·

145 2215 237 2290 ΜΔ
257 2238 328 2291 aaa
357 2217 478 2315 ztjnen
505 2237 615 2328 naam
637 2215 792 2312 gesteld,
816 2215 882 2288 dat
904 2218 1099 2314 zardanige

146 2357 361 2455 aantrjgt‘ng
392 2356 467 2427 niet
496 2354 697 2428 onberaden
729 2351 923 2450 geschiede.
983 2355 1098 2451 Hujus

146 2517 263 2569 autem
294 2484 522 2566 accusationis
545 2492 723 2564 difficultas
748 2514 913 2588 augetur,
943 2495 996 2566 ob.
1013 2520 1099 2588 poc-

145 2655 227 2706 tram
249 2635 475 2726 pecuniariam
499 2635 533 2702 in
556 2651 786 2704 accusatorem
809 2633 988 2722 scriptam,
1014 2652 1099 2705 con·

148 2793 200 2844 tra
233 2794 334 2866 quem
365 2789 560 2863 praeterea,
605 2789 675 2840 non
706 2768 819 2840 solum
851 2769 894 2844 ad
927 2769 1098 2846 dammum

147 2909 438 3003 compensandum
464 2907 552 3003 (1),
576 2911 816 2981 verumetiam
839 2910 886 2980 ob
907 2907 1097 2985 calumniae

149 3049 313 3121 delictum
343 3049 386 3120 ad
414 3067 559 3141 poenam
588 3048 642 3142 agi
673 3053 808 3140 potest,
853 3049 882 3118 si
907 3049 1097 3120 accusatio-

148 3207 227 3292 nem
261 3209 332 3260 non
361 3187 581 3280 probaverit,
605 3181 673 3278 (a)
715 3185 799 3259 licet
827 3185 905 3261 inde
928 3205 998 3260 non
1022 3187 1097 3260 col·

1058 3325 1099 3398 li-

186 3456 242 3534 (1)
262 3457 327 3519 vid.
351 3459 418 3517 Cede
435 3457 468 3516 de
486 3459 630 3519 Praeterire
650 3459 751 3529 Civile,
778 3471 830 3517 art.
849 3460 906 3536 246
923 3475 1004 3535 seqq.

188 3552 242 3628 (a)
267 3554 400 3612 Conferri
428 3551 462 3608 ad
490 3552 563 3642 impe
593 3554 686 3632 locum
709 3565 834 3609 meretur
858 3553 1098 3630 Bomtcmsrsort,

149 3649 279 3725 clanaei,
298 3643 332 3710 ad
350 3663 399 3709 art.
414 3665 460 3724 30.
471 3649 531 3709 ead.
540 3649 622 3708 Instr.
634 3647 718 3709 Crt'm.
729 3664 776 3722 op.
789 3649 871 3711 Tom.
883 3651 908 3711 Ι.
926 3667 957 3727 Ρ.
972 3667 1019 3716 101
1034 3669 1097 3730 sqq.

596 3766 660 3842 la
