2804 4734
612 409 803 512 (rel

233 623 383 736 nrn'tun'
416 649 525 746 Regis
552 652 767 743 procuratori
795 649 964 744 aliisque,
999 672 1088 744 quor
1116 652 1183 744 ipsi

233 793 270 862 in
300 789 464 864 auxilium
487 789 545 862 lex
562 790 772 885 adiunxerit.
809 791 1080 886 magistratibus,
1113 787 1182 884 (r)

231 929 426 1013 indicandia
451 951 494 1000 ex
517 951 583 1022 qua
604 927 694 1002 iacta
717 928 906 1014 delatione,
932 931 1065 1022 scripto
1085 951 1183 1002 cous·

231 1067 490 1162 prehendenda,
516 1087 587 1140 tum
610 1069 784 1140 accusatio
806 1070 958 1153 institui,
983 1087 1018 1138 et
1030 1069 1181 1140 criminis

231 1205 289 1278 vel
332 1207 450 1280 delicti
487 1209 537 1278 rei
580 1206 622 1280 ad
659 1205 810 1300 judicem
855 1205 979 1278 deferri
1025 1225 1179 1299 possunt.

232 1343 298 1418 llla
321 1365 434 1418 autem
463 1345 634 1442 obligatio
659 1345 849 1440 generatim
873 1345 1006 1416 civibus
1030 1346 1181 1440 injuncte

231 1503 285 1556 est
305 1505 367 1578 per
389 1484 500 1580 legem
525 1505 570 1578 30
602 1482 683 1556 cod.
712 1481 825 1559 lustr.
855 1482 968 1556 Crim.
992 1505 1180 1578 quaerero

231 1622 288 1696 lex
311 1623 403 1696 nulla
430 1625 466 1694 ei
489 1623 658 1714 adscripta
678 1642 789 1714 poena
813 1641 865 1692 est
901 1623 1050 1708 saucitaa
1087 1621 1180 1716 quod

229 1763 369 1856 quidem
388 1761 943 1846 rectciteconstitutumvidetur‚
968 1762 1180 1854 quandoqui-

230 1901 310 1972 dem
332 1901 464 1993 plnres,
489 1921 616 1994 eaeque
630 1921 691 1992 per
708 1899 845 1972 sehaud
858 1901 1090 1992 reprobandae
1102 1923 1180 1974 cau·

230 2057 307 2124 nae,
340 2041 521 2111 criminum
540 2037 595 2108 vel
618 2037 823 2111 delictorum
841 2057 943 2112 testes
963 2039 1098 2118 abillis
1122 2063 1180 2130 pa·

230 2177 430 2249 relaciondis
451 2195 486 2246 ct
506 2174 716 2248 declarandis
739 2179 883 2252 retinere
899 2197 1053 2270 possunt.
1099 2174 1177 2248 Du·

229 2316 340 2388 bitare
370 2319 455 2388 vero
484 2315 588 2387 uobis
617 2315 744 2402 liceat,
780 2337 821 2387 an
842 2337 912 2390 nou
933 2314 1052 2386 melius
1073 2315 1176 2387 fecis·

159 2503 164 2512 .
227 2453 489 2548 suiegerum,
515 2453 1176 2549 sihanclegemexCodicedelevisset;

227 2593 365 2688 qualem
397 2593 508 2688 legem
542 2592 791 2690 imperfectam
819 2593 906 2668 dixit
932 2593 1127 2680 Uuartrtus
1143 2611 1180 2680 et

227 2737 329 2806 etlam
352 2723 599 2816 animosus,
625 2735 704 2827 quia
725 2732 839 2827 alege
861 2732 1076 2806 deviantibus
1095 2753 1178 2825 poe-

224 2894 271 2946 na
289 2895 358 2945 non
371 2849 530 2948 sancitur.
554 2868 624 2967 (a)
672 2873 778 2944 Secus
798 2872 980 2944 dicendum
997 2873 1108 2944 ¹estcle
1127 2893 1177 2950 se÷

225 3016 345 3106 quenti
368 3011 536 3108 lege'31,
578 3015 709 3107 quippe
732 3011 958 3096 necessarium
982 3029 1054 3084 etat
1075 3013 1179 3082 ratio·

1099 3169 1178 3228 nent

264 3305 320 3385 (r)
338 3305 402 3366 Vici.
421 3319 473 3368 art.
495 3311 532 3382 48
556 3321 586 3368 et
605 3323 652 3384 50.
670 3307 730 3366 cni.
749 3308 863 3368 nome.

264 3399 318 3476 (a)
338 3400 403 3462 Vid.
423 3403 547 3462 Utamur
557 3401 719 3478 fragmenta
737 3403 772 3462 T.
779 3405 804 3464 1.
816 3404 832 3480 §
843 3403 867 3462 i.
879 3413 922 3490 ,εξ
937 3397 971 3458 td
991 3398 1065 3459 hunc
1081 3401 1175 3460 locutu

224 3496 345 3564 Cchcu
374 3510 404 3554 et
425 3497 464 3556 D.
487 3499 679 3558 Gomorram
711 3512 793 3556 notae
818 3498 965 3568 selectae,
990 3509 1028 3556 ex
1053 3493 1177 3559 editione

225 3587 359 3646 sru.van
370 3589 541 3663 Lauuweu,
563 3591 661 3666 Lugd.
675 3593 739 3654 Bet.
760 3594 850 3670 rope·
