2804 4734
682 407 867 506 (32)

304 650 526 720 constitutum
547 665 618 719 non
649 665 725 734 est,
749 665 787 720 ut
818 645 875 720 vei
906 667 1010 720 unum
1044 665 1173 722 tanmm
1204 647 1249 722 de

304 805 376 858 tota
396 788 531 858 actione
554 787 812 858 instrumentum
835 785 1020 874 scribatur,
1049 785 1103 858 vel
1128 809 1248 860 contra

209 973 212 988 ·
275 943 340 996 ut
371 923 440 996 duo
471 927 689 996 instrumenta
714 945 734 994 a
755 925 950 1018 magistratu
970 943 1006 995 et
1029 925 1170 997 medicis
1194 947 1245 996 se-

301 1065 407 1134 orsint
422 1063 489 1134 sint
506 1061 683 1148 facienda,
709 1064 787 1134 satis
809 1081 883 1148 est,
906 1062 957 1134 uti
975 1061 1076 1134 nobis
1098 1064 1244 1150 videtur,

300 1199 478 1274 manifesta
509 1221 611 1294 atque
641 1203 832 1294 perspicua.
887 1197 1004 1296 Quum
1031 1202 1120 1272 enim
1140 1199 1242 1273 facile

300 1338 376 1412 fieri
397 1357 532 1431 potest,
554 1357 593 1410 ut
614 1337 830 1431 disquisitio,
849 1360 869 1410 a
890 1339 1030 1412 medicis
1052 1357 1088 1410 et
1111 1339 1243 1412 thimo

300 1479 354 1574 gis
381 1477 554 1562 facienda,
589 1496 655 1548 tarn
679 1476 821 1572 longum
844 1495 976 1570 tempus
999 1475 1170 1568 postulet,
1202 1493 1243 1550 ut

212 1661 215 1668 ,
299 1637 346 1690 eo
390 1615 614 1710 prohibeatur
646 1617 856 1714 magistratus
888 1617 1068 1708 quominus
1100 1615 1135 1686 in
1166 1615 1243 1688 aliis

297 1758 448 1850 negotiis
467 1758 614 1827 muueris
636 1757 687 1826 sui
707 1772 897 1847 occupatus
916 1773 990 1824 esse
1008 1755 1147 1845 possin·
1159 1753 1241 1826 hine

298 1893 566 1966 libera-videtur
592 1895 799 1988 magistratui
826 1887 862 1965 et
889 1893 1028 1994 medicis
1050 1891 1168 1964 relicta
1190 1889 1242 1965 fa·

212 2081 216 2086 -
296 2033 429 2119 cultas,
458 2013 578 2103 utrum
602 2051 672 2103 uno
696 2031 886 2124 eodemque
908 2033 1130 2102 instrumento
1164 2050 1241 2104 acta

296 2183 334 2239 et
360 2187 492 2261 reperta
518 2169 828 2262 comprehendere,
864 2189 907 2240 an
932 2189 1015 2242 uero
1043 2167 1165 2264 singuli
1185 2191 1240 2242 se-

297 2309 403 2380 orsim
440 2306 574 2379 diverso
614 2309 838 2380 instrumento
874 2308 1100 2401 quidaerum
1130 2305 1240 2379 sitin

296 2448 428 2518 diversa
467 2447 684 2517 instrumenta
724 2445 850 2518 referre
881 2446 1001 2517 velint.
1059 2442 1151 2516 Hinc
1185 2443 1239 2516 Lu

297 2586 528 2659 Gunvurtanu
566 2604 746 2678 postquam
778 2583 825 2656 ob
856 2587 926 2655 vim
959 2585 1057 2656 vocis
1088 2593 1240 2679 rapport

296 2723 490 2821 generalem
513 2723 662 2818 regulam
683 2743 757 2794 esse
776 2723 931 2809 dixerit,
958 2743 1029 2798 uno
1051 2722 1240 2816 eodemque

294 2869 526 2936 instrumento
552 2881 629 2936 acta
657 2881 732 2932 esse
765 2861 1106 2955 comprehendenda,
1152 2861 1238 2932 hane

213 3029 217 3038 ·
295 3021 405 3074 tannen
428 3001 564 3097 regulae
586 3000 733 3073 admittit
752 3002 1009 3094 exceptionem:
1044 2999 1240 3092 rependant

294 3143 363 3224 ait,
397 3161 526 3212 comme
554 3139 608 3210 lar
636 3139 838 3232 operatione
870 3137 929 3210 des
951 3160 1038 3234 gens
1072 3137 1115 3209 de
1147 3135 1240 3211 i'art

288 3291 445 3372 pensent
478 3273 693 3374 quelqurfois
728 3279 804 3348 erra
835 3276 1040 3350 denatura
1074 3269 1241 3350 ddurer

295 3415 545 3508 long-tempas
562 3426 628 3511 que
652 3415 692 3488 la
714 3415 886 3487 divertite
915 3413 1108 3509 d'opinionr
1137 3425 1238 3486 entre

293 3557 368 3620 eux
397 3548 570 3644 (petisque
601 3554 640 3625 la
669 3553 718 3626 iri
748 3555 909 3627 artemiae·
927 3554 990 3628 ies
1019 3549 1166 3654 officim
1197 3551 1239 3622 dr

1174 3701 1238 3784 ΡΟ·
