2800 4744
532 457 748 568 (ω)

160 699 365 789 Francus,
411 721 449 778 et
483 725 527 778 ex
566 706 743 801 plurorum
781 701 996 780 tribunalium
1037 701 1114 777 seii·

161 847 301 930 tentiis,
348 845 416 918 hoc
455 859 623 938 tamquam
656 845 910 918 fundamentum
951 846 1115 942 constitui

159 985 395 1077 principiums
428 983 513 1079 juris
550 985 728 1077 negotium
756 983 876 1054 inutile
897 1003 966 1056 non
989 1003 1040 1054 est
1062 984 1112 1054 dr,

161 1121 338 1207 cendum,
375 1123 440 1192 nisi
475 1119 560 1194 illud
603 1123 637 1192 vi
674 1140 709 1192 et
739 1121 887 1194 efficacia
916 1143 978 1212 per
1006 1124 1114 1214 ipsam

165 1259 280 1354 legem
308 1260 521 1332 destituerunt
569 1258 678 1354 Igitur
702 1279 772 1334 nou
790 1261 907 1330 ‘omnia
932 1281 1017 1352 quae
1038 1258 1116 1354 lege

165 1397 241 1472 fieri
276 1397 530 1490 prohibentur,
578 1400 607 1470 si
641 1398 767 1472 fuerint
800 1397 912 1484 fectu,
948 1416 1006 1469 uut
1028 1399 1117 1490 quae

162 1536 344 1632 jubentur,
374 1539 535 1623 omissa,
561 1535 641 1614 ideo
664 1508 829 1609 continue
842 1557 876 1608 et
888 1557 1021 1629 semper
1041 1559 1119 1610 cas·

159 1687 204 1748 ta
238 1693 275 1750 et
305 1673 440 1752 inutilia
473 1693 551 1748 sunt
582 1674 735 1747 dicenda.
797 1672 873 1747 Huc
904 1677 994 1746 enim
1020 1695 1118 1768 parte

166 1813 327 1886 videntur
369 1811 484 1907 legum
515 1811 754 1884 Francicurum
786 1811 982 1884 conditores
1015 1835 1036 1886 u
1069 1812 1120 1884 ie»

169 1973 214 2048 ge
235 1961 257 2044 ’5
283 1950 365 2024 eod.
392 1951 434 2022 de
455 1948 610 2044 Legibus
632 1953 830 2040 recessisse,
865 1969 934 2044 qua·
965 1952 1001 2023 id
1024 1949 1120 2046 quud

169 2089 394 2163 interdicente
416 2088 505 2184 ¹lege
536 2089 769 2178 factumest,
803 2089 923 2162 inutile
948 2112 1019 2164 non
1048 2109 1121 2164 ten·

164 2233 269 2313 ¹ium,
305 2227 365 2299 sed
397 2247 462 2320 pro
496 2226 756 2300 infecto-etium
794 2228 950 2304 babetur.
1010 2227 1119 2326 Quod

172 2365 258 2440 iicet
282 2369 329 2438 itu
359 2366 426 2451 sit,
463 2365 553 2438 haud
580 2368 753 2439 immerito
778 2387 914 2452 tumen,
950 2372 1120 2454 maxime,

173 2505 235 2578 ubi
268 2503 311 2576 de
345 2503 545 2576 criminibus
580 2505 692 2597 agitur
720 2523 756 2574 et
779 2508 902 2596 poenis
924 2506 1124 2600 delinquen-

176 2645 268 2716 tibus
296 2642 509 2738 irrogandis,
549 2661 569 2712 a
598 2630 772 2713 nonnullis
805 2643 1031 2734 scriptoribus
1059 2644 1125 2716 du-

174 2803 316 2866 cemur,
351 2779 473 2854 inutile
497 2799 532 2852 et
551 2790 689 2852 'cussum
715 2778 990 2868 instrumentum,
1021 2781 1126 2872 illusio

94 2969 96 2974 ,
169 2939 243 3014 ¹que
264 2918 485 3014 quodectum
498 2895 622 3002 fuerit,
645 2917 798 3012 ujudice
816 2929 919 3012 posse
942 2915 1149 3010 declarari,

168 3062 204 3132 si
234 3059 310 3130 talis
340 3054 488 3130 formula
515 3054 680 3149 neglectu
709 3057 752 3126 sit
781 3055 836 3128 vel
865 3059 1009 3144 omissa,
1045 3057 1126 3154 lege

169 3199 281 3295 iussa,
310 3213 412 3290 atque
446 3197 677 3287 praescripta,
707 3191 823 3286 qualis
857 3193 901 3266 ud
940 3198 1003 3268 rei·
1028 3211 1127 3268 nutu·

170 3351 273 3423 mm,
303 3336 396 3421 vim,
429 3353 470 3406 sc
492 3351 697 3427 potestatem
717 3332 878 3425 pertinet.»
900 3331 971 3427 (r)
1018 3331 1127 3430 Quod

1040 3473 1130 3546 dixis

217 3602 272 3682 (r)
299 3605 363 3666 Vid.
386 3605 542 3674 Petuntur,
575 3603 692 3664 Matius!
710 3605 742 3664 de
758 3605 832 3667 droit
848 3605 999 3684 franceis,
1025 3608 1060 3678 sd
1077 3624 1135 3676 nrt.

182 3717 265 3779 ¹030·
282 3703 320 3763 du
340 3698 604 3762 Cod.dePrucedure
622 3699 724 3772 Civile,
743 3697 789 3764 ed.
800 3700 829 3763 6.
