2800 4744
588 345 987 530 'roal'

285 643 456 741 ligendum
482 647 545 729 sit,
570 665 705 739 semper
724 643 978 733 accusatorem,
1003 641 1032 718 si
1055 646 1151 719 causa
1168 657 1235 722 cae

283 786 340 860 dat
362 805 435 854 esse
454 783 685 878 puniendum
709 799 786 856 nam
810 803 902 856 recte
922 786 955 855 in
975 785 1051 880 jure
1068 785 1235 860 Romano

283 922 428 997 dicitur:
461 946 527 994 non
550 923 643 994 enim
666 923 699 996 si
720 944 802 994 reus
823 893 1002 996 absolutus
1025 940 1096 1010 est,
1121 943 1168 997 ex
1190 934 1234 996 ed

281 1063 350 1134 solo
382 1063 492 1134 etiam
524 1077 733 1146 accusator,
769 1061 832 1156 qui
854 1073 971 1154 potest
994 1062 1133 1154 justam
1162 1060 1231 1136 lul-²

283 1201 397 1274 baisse
430 1200 594 1272 veniendi
620 1197 673 1272 ad
700 1200 836 1272 crs'men
861 1197 1061 1286 rationem,
1095 1202 1231 1274 calum³

283 1339 407 1414 uiator
431 1337 623 1410 credendus
644 1353 708 1410 est.
736 1336 758 1430 (
769 1333 805 1444 )

331 1475 388 1548 Ex
416 1478 458 1548 iis
487 1495 598 1549 autem
621 1495 707 1569 quae
727 1475 796 1570 jam
822 1496 922 1568 supra
941 1475 1088 1548 diximus
1109 1473 1152 1548 de
1170 1475 1228 1570 ju²

288 1615 375 1688 dicis
406 1616 637 1702 conscientia,
671 1614 731 1686 ubi
761 1613 803 1686 de
832 1605 1031 1686 criminibus
1062 1633 1097 1686 et
1121 1615 1230 1690 delio*

285 1756 328 1834 tis
370 1757 509 1850 agitur,
561 1753 603 1824 ad
643 1750 790 1845 aliquam
828 1753 1042 1845 probationis
1075 1757 1227 1846 speciem

280 1912 464 1984 numquam
499 1890 688 1986 alliganda,
734 1897 776 1962 ex
809 1892 856 1962 iis·
885 1911 1024 1984 quoque
1051 1913 1138 1984 quae
1162 1899 1232 1987 prd

283 2032 412 2101 uiribus
441 2030 684 2119 disputavimus
716 2029 758 2100 de
779 2029 993 2121 reprobando
1027 2030 1224 2102 discrimine

282 2170 371 2238 inter
394 2166 546 2236 criminis
569 2184 604 2236 et
627 2165 742 2236 delicti
765 2167 1020 2258 probationem,
1044 2170 1231 2258 unusquisa‘
1273 2209 1276 2216 ,

282 2325 349 2397 que
381 2302 474 2376 facili
507 2305 650 2398 negotio
678 2304 809 2375 efficere
833 2323 964 2397 potest,
996 2305 1127 2397 iniquas
1158 2312 1225 2376 iio·

282 2445 337 2516 bis
369 2443 475 2517 videri
510 2442 628 2537 leges,
661 2463 747 2535 quac
781 2445 830 2514 tei
856 2443 1083 2516 defensionem
1104 2447 1229 2518 contra

282 2585 531 2657 accusationem
553 2557 623 2652 sive
647 2583 797 2654 criminis
818 2583 889 2652 sive
913 2583 1053 2668 delicti,
1087 2583 1130 2656 ed
1151 2583 1225 2656 caui

283 2723 391 2796 solam
414 2723 576 2794 rationem
590 2722 814 2816 restringunt,
839 2734 925 2812 quae
942 2720 980 2792 fit
997 2743 1060 2814 per
1080 2724 1226 2816 inscrip-

284 2865 412 2940 tionem
445 2863 479 2932 in
504 2859 636 2933 salsum.
685 2855 733 2930 Et
754 2858 830 2931 hoc.
849 2876 902 2930 est
923 2859 1018 2951 quod
1039 2879 1224 2954 perspexe-

281 3020 360 3074 runt
384 2983 552 3084 Romani,
582 2999 744 3091 uti'patet
765 3019 808 3068 ex
829 2995 907 3090 lege
932 3016 952 3088 3
975 2995 1029 3088 §2ss
1052 2996 1154 3070 Pand.
1181 2997 1224 3070 dr

282 3137 316 3212 Τ
312 3139 462 3212 estibus:
499 3134 608 3230 Qusn
636 3155 865 3209 sucurrones
889 3154 938 3204 st>
962 3155 1065 3226 ouem
1087 3153 1223 3208 nonunt

277 3281 498 3358 'rnousuosr
520 3295 656 3367 curque
676 3295 737 3347 nst
753 3292 1121 3364 suts1c1snr‚uuuto
1137 3297 1223 3348 can·

1173 3431 1223 3485 To

318 3561 372 3646 (1)
393 3567 455 3628 Lex
474 3581 491 3642 3
510 3565 571 3627 cod.
588 3567 621 3626 de
639 3565 892 3629 enumerantibus
