2804 4734
546 485 659 612 (..4¹
711 483 737 578 )

165 719 275 811 dnm,
329 745 431 819 qnam
465 725 584 798 stricte
616 722 746 798 dictum
778 723 1034 808 testimoninm,
1056 723 1119 794 ira

169 859 308 956 quoque'
340 857 522 938 absut'dnm
555 863 665 949 soret,
702 830 933 958 itt-negotiis,
969 883 1012 934 ex
1035 863 1118 935 artir

166 1001 222 1072 vel
250 1004 423 1074 scientiae·
437 1001 569 1097 'regulis
596 1021 697 1095 atque
730 1005 920 1094 praeceptis
942 1003 1120 1072 aestiman*
1190 1070 1204 1080 ,,

169 1141 221 1211 dis'
238 1184 255 1224 ,-
288 1141 451 1234 maiorem
481 1139 585 1211 ‘fidem
620 1161 641 1210 a
671 1139 787 1233 jndice
826 1139 1013 1211 habendam
1046 1159 1121 1212 esse

171 1275 264 1359 illis‚'
299 1279 358 1368 qni
380 1279 543 1372 gravioris
563 1278 714 1352 criminis
733 1280 783 1350 rei
801 1293 896 1368 sunt,
927 1296 1042 1370 quarn·
1061 1277 1155 1370 qni*

162 1407 283 1486 .=1evius
304 1413 521 1506 deliquerint.
542 1449 545 1456 ¹
959 1417 962 1424 ’
997 1415 1017 1428 ”

175 1581 179 1592 ’
219 1551 328 1648 Quod
358 1554 502 1646 quidem·
527 1575 571 1626 eo
603 1558 711 1650 magis
729 1553 853 1641 ¹valet,
894 1573 967 1648 qno
996 1551 1149 1626 certina.

170 1709 247 1778 est,
278 1687 448 1764 vccabnla
473 1691 573 1766 te's'tr's
593 1712 629 1764 et
650 1693 910 1778 testimonium,
935 1691 1135 1764 lationem*-
1189 1760 1195 1772 ,

170 1849 246 1901 nnn
272 1829 541 1924 significatione,
556 1851 823 1924 ¹quoscumque,
836 1829 1126 1924 comprehendere

172 1969 234 2060 qui
250 1989 336 2060 ‘qua
363 1966 411 2040 de
442 1989 479 2038 re
507 1965 633 2065 ju'dicis
660 1969 1020 2042 animumcertiorenr
1048 1969 1128 2042 red*
1187 2043 1191 2054 ,

171 2105 281 2192 dunt,
308 2107 392 2198 qui,
421 2127 479 2179 aut
499 2105 584 2200 quid
612 2108 829 2201 perceperint
858 2125 919 2180 ant
942 2091 1025 2202 qnid
1048 2113 1146 2180 sen-'-

160 2247 280 2333 tiant,
307 2247 519 2340 'magistratui
549 2244 605 2318 vel
630 2245 740 2340 judici
759 2265 924 2320 testantur
947 2267 982 2320 et
1018 2251 1125 2344 signi·

169 2383 296 2457 dcent·
346 2381 426 2456 Nec
457 2405 596 2478 quoqne
626 2374 716 2478 crpus
744 2405 833 2476 erat,
865 2406 905 2459 ut
919 2389 969 2456 ¹¹in
991 2378 1062 2458 art:
1077 2389 1124 2463 28
1168 2461 1170 2468 ,

164 2525 306 2615 eaepius
338 2523 399 2595 cit.
430 2521 523 2596 Cod.
546 2491 653 2597 Pnen.
688 2522 874 2598 diceretur*
889 2525 932 2596 de
963 2524 1031 2598 illis
1065 2527 1137 2618 qni

173 2643 394 2766 solr'rmmodo
405 2691 424 2746 ,·
441 2659 535 2734 nulla
550 2665 696 2755 insuper
718 2660 783 2734 alia
794 2683 923 2756 poena
939 2664 1022 2754 ipsis
1041 2665 1129 2734 inor

175 2813 279 2892 gata,
304 2795 455 2896 infames
485 2817 506 2866 a
535 2798 650 2891 judice
689 2799 972 2886 'declararenturg
1002 2803 1039 2872 in
1057 2803 1152 2873 arti.

175 2935 268 3006 enim
298 2953 355 3028 34.
380 2931 531 3025 ejusdem
555 2913 647 3006 Cod.
670 2955 843 3008 naturate
865 2933 1008 3008 effectus
1038 2935 1132 3012 illinc

128 3155 132 3172 1
180 3091 313 3165 poenae
333 3073 381 3143 ita
403 3069 639 3144 describuntur
664 3089 700 3142 et
719 3075 995 3162 constituuntur,
1017 3095 1057 3149 nt
1079 3079 1131 3148 in*-

176 3211 221 3283 de
247 3210 469 3284 manifestum·
490 3205 572 3296 sit,'.‘
587 3230 699 3304 neque
719 3231 794 3284 eos
825 3211 868 3285 ad
892 3215 1136 3293 testimoninm.
1185 3280 1190 3290 ,

177 3349 409 3444 quodcunque
452 3349 608 3440 admitti,
643 3351 704 3446 qui
741 3349 789 3424 ob
824 3353 955 3426 crimen
987 3351 1131 3430 infamet

163 3453 257 3563 eunt
278 3486 450 3562 declarati.

223 3625 390 3702 Cetemm
422 3629 459 3701 in
492 3626 606 3708 dicto„
624 3647 686 3705 art.
723 3629 782 3708 28.-
813 3629 904 3710 Cod.
938 3629 1045 3712 Poen.
1085 3631 1131 3722 da

1083 3767 1129 3848 ἢ,
1189 3797 1210 3816 ,.
