2800 4744
609 399 825 496 (140)

241 640 423 714 menterios
444 639 635 710 summatim
647 637 822 711 referenda
838 641 932 722 sint,
964 637 1064 734 quod
1083 637 1204 712 Fran,

243 779 276 849 ci
298 777 521 870 enregistrer
541 776 734 869 appellant,
759 799 801 848 an
821 799 905 854 vero
922 779 1047 848 minus.

289 913 485 1006 Scriptores
512 937 601 1008 quos
629 919 761 1008 saepius
784 915 993 988 laudavimus
1015 913 1069 988 Le
1091 914 1194 987 Gna·

241 1073 418 1138 musmo,
447 1051 626 1141 Menum,
651 1053 813 1128 Cnnmor
835 1073 871 1124 et
896 1053 1194 1138 Bonasamson,

243 1209 336 1261 tanta
366 1192 506 1284 quidem
538 1191 745 1286 diligentia,
793 1190 869 1263 illas
902 1195 1120 1284 quaestiones
1146 1190 1201 1268 act

244 1349 346 1402 unam
377 1350 494 1402 omnes
523 1347 727 1415 tractarunt,
762 1349 906 1422 suasque
936 1333 1118 1402 sententias
1141 1349 1201 1406 ret·

243 1489 320 1540 sum
360 1467 584 1562 judicatarum
619 1469 822 1540 auctoritate
856 1469 1122 1555 confirmarunt,
1156 1481 1202 1540 ut

247 1607 381 1676 etiamsi
406 1625 540 1698 tempus
562 1605 649 1678 iilud
668 1609 812 1690 sineret,
835 1606 960 1678 frustra
984 1625 1096 1678 tamen
1106 1625 1141 1678 et
1151 1608 1200 1678 sis

246 1763 291 1817 ne
325 1743 399 1816 ullo
435 1745 549 1818 fructu
573 1745 707 1818 easdem
734 1745 949 1844 quaestiones
972 1745 1199 1818 denuo-trac-

248 1899 318 1954 tare
348 1905 561 1956 conaremur.

260 2047 263 2052 ·
295 2018 416 2092 Plures
441 2023 580 2114 insuper
599 2022 817 2113 quaestiones
836 2023 991 2094 oriuntur
1014 2021 1057 2094 de
1075 2023 1200 2092 instru-

247 2159 395 2242 mentis,
440 2175 499 2226 aut
525 2155 668 2228 utilibus
696 2179 753 2228 aut
783 2159 985 2244 inutilibus,
1020 2160 1061 2230 de
1094 2161 1203 2238 certis

249 2291 477 2388 singularibus
509 2294 711 2367 criminibus
751 2317 788 2367 ot
817 2297 978 2386 delictis,
1009 2295 1199 2368 secundum·

250 2453 362 2508 certas
397 2452 433 2508 et
460 2431 646 2529 siugulates
673 2434 791 2527 leges,
827 2457 847 2506 a
874 2439 977 2508 certis
998 2455 1033 2507 et
1054 2435 1203 2529 singula·

251 2576 347 2648 ribus
371 2573 573 2648 officialibus
601 2576 757 2666 scriptis,
788 2574 830 2646 de
855 2575 981 2668 quibus
1004 2595 1087 2646 vero
1112 2574 1207 2656 idem

246 2715 437 2788 ¹dicendum
464 2711 561 2798 ·est‚'
582 2713 678 2804 quod
711 2712 816 2784 modo
851 2712 893 2783 de
924 2714 1202 2804 quaestionibus,
1233 2764 1238 2773 ,

253 2855 385 2924 ratione
422 2855 737 2936 instrumentorum,
766 2851 950 2924 secundum
981 2850 1064 2923 Cod.
1086 2849 1203 2924 Instr.

255 2991 371 3064 Crim.
389 2991 651 3074 coniectorum,
677 2990 834 3063 diximus.

259 3181 263 3194 .
301 3129 515 3224 Quamquam
545 3131 669 3222 igitur,
714 3129 897 3220 quominus
919 3126 961 3198 de
993 3125 1048 3198 his
1076 3144 1134 3222 aut
1159 3123 1205 3198 tl-

252 3267 297 3338 iis
335 3269 591 3360 quaestionibus
628 3287 793 3362 agamus,
840 3267 949 3338 otium
987 3265 1089 3336 nobis
1120 3263 1209 3338 facit

249 3406 479 3498 scriptorum·
500 3405 710 3477 iaudatontm
743 3404 928 3490 industria,
970 3403 1059 3476 illud
1091 3405 1206 3488 tamen

257 3542 442 3638 generatim
464 3544 598 3618 videtur
617 3543 970 3632 animadvertendum,
1005 3544 1042 3614 in
1068 3539 1206 3635 legibus

1098 3678 1128 3752 F
1128 3696 1204 3750 ran·
