2800 4744
302 701 473 776 custodiae
498 697 580 772 tradi
601 699 741 795 jubeat3
766 721 804 774 ut
814 724 918 795 porro
930 721 1030 776 testea
1041 705 1170 790 audiat,
1194 707 1237 779 de

298 861 359 912 reo
380 840 610 933 quaestionem
631 838 772 926 habeat,
805 843 1007 936 interrogata
1030 862 1237 937 etresponsa

299 979 429 1070 scripto
474 938 760 1068 cumurehe'ndat,
807 1000 847 1051 ac
888 980 1018 1051 tandem
1053 981 1233 1069 tribunali,

295 1115 369 1210 eius
402 1115 496 1208 quod
538 1117 700 1208 gesserit,
753 1117 899 1188 rationes
938 1121 1039 1190 certis
1073 1123 1234 1213 statisque

1380 2 1393 388 i

240 1295 247 1312 ι
295 1251 505 1346 temporibus
539 1252 680 1338 reddat,
721 1273 758 1325 re
790 1272 867 1325 ante
901 1275 980 1329 cum
999 1273 1234 1352 'procuratore

232 1467 234 1474 ,
294 1389 402 1486 Regis
424 1391 692 1496 ,communicata
930 1395 934 1402 ’
1027 1397 1029 1404 ’

340 1523 432 1602 Hinc
456 1527 573 1606 'facile
607 1527 834 1624 intelligitur,
881 1551 980 1624 quam
1014 1553 1134 1627 magna
1164 1535 1234 1620 sir,

293 1685 329 1740 et
347 1669 415 1738 nisi
438 1666 620 1760 prudenter
638 1665 797 1760 nullaque
821 1666 874 1739 vel
898 1667 1061 1762 personae
1081 1670 1135 1741 vel
1153 1693 1231 1744 cta·
1257 1718 1267 1738 .-

284 1828 348 1908 .sae
371 1805 484 1878 habita
516 1808 646 1878 ratione
666 1824 884 1891 exerceatur,
925 1807 1049 1878 civium
1072 1813 1230 1882 securita-
1263 1855 1267 1862 -

283 1925 317 2016 ¹ti
359 1943 553 2037 periculosa
596 1962 631 2014 et
662 1941 851 2016 ‘metuenda
891 1943 984 2016 illius
1011 1947 1136 2040 iudicis
1167 1967 1266 2040 pou

291 2099 411 2180 testas,
446 2079 630 2153 secundum
652 2080 745 2175 leges
769 2080 908 2154 Francis
934 2085 1084 2175 scriptas.

231 2201 235 2210 “
336 2217 471 2289 Praeter
508 2215 631 2310 Regis
650 2235 906 2309 procuratorem
940 2239 975 2290 et
1003 2219 1151 2312 judicem
1183 2221 1228 2293 de

289 2347 495 2450 quomodo
523 2353 687 2442 diximus,
729 2355 785 2425 alii
816 2377 894 2431 sunt
926 2357 1130 2451 magistratus
1165 2363 1228 2451 qui
1265 2379 1271 2422 ·.

287 2513 345 2568 aut
375 2495 417 2567 ad
436 2493 664 2587 investiganda
687 2493 813 2566 delicta
833 2493 979 2581 leviora,
1019 2510 1229 2570 cuntram-
1266 2545 1271 2556 ·

286 2635 377 2708 riont
409 2633 451 2704 de
474 2599 590 2728 police
611 2631 723 2716 dicta,
755 2635 828 2724 ipsa
853 2635 886 2703 vi
909 2635 1118 2728 magistratus
1152 2635 1229 2722 sui,

286 2773 364 2868 lege
393 2769 660 2866 adstringuntur,
695 2769 816 2840 autad
838 2771 1068 2866 investiganda
1085 2775 1226 2846 'crimina

264 3000 271 3014 ,.
286 2931 322 2985 et
341 2889 487 2998 delicta,
516 2910 633 2982 stricte
645 2908 752 2994 dicta,
775 2905 883 3002 Regis
902 2912 1114 3000 procuratori
1132 2914 1224 2983 auxi·
1245 2923 1261 2968 '-

285 3047 343 3121 lio'
363 3070 427 3122 suo
439 3059 441 3066 ’
454 3047 577 3146 adesse
590 3017 632 3116 'in
654 3045 738 3142 lege¹
753 3045 932 3131 dicuntur,
968 3068 1046 3120 curn
1063 3050 1148 3144 *quia
1170 3051 1223 3144 ip:
1240 3093 1259 3112 .-

282 3169 338 3260 sis'
352 3188 491 3259 crimina
513 3151 549 3258 e't
570 3155 904 3256 delictadenuntiari
928 3203 1090 3276 possunt,
1110 3207 1221 3260 ·corrr·
1254 3234 1258 3244 .

283 3328 384 3398 missa
404 3327 439 3396 in
461 3322 547 3396 loco'
566 3343 636 3416 quo
660 3329 796 3394 munere
811 3343 882 3394 suo
905 3321 1115 3417 iunguntur,
1149 3343 1220 3398 tum
1254 3377 1256 3385 .

280 3449 364 3532 veru
382 3443 482 3534 etiam
502 3463 581 3554 quia
600 3458 829 3554 vel-flagranti
850 3460 978 3533 delicto
988 3460 1042 3533 vel
1055 3445 1195 3536 crimine
1204 3475 1220 3551 ,'

280 3593 342 3671 vei
360 3595 403 3668 ad
424 3597 461 3668 id
480 3609 504 3668 a
521 3593 663 3672 domino
682 3597 738 3673 vel
757 3599 926 3696 iirquilino
939 3601 1085 3696 'rogatu‘
1107 3602 1143 3682 id
1157 3605 1219 3696 ip&
1235 3631 1257 3652 ⁴-
1320 3701 1323 3710 1

1169 3757 1216 3812 sas
