2800 4744
649 419 858 516 (148)

295 679 376 732 num
407 676 442 728 et
473 657 676 752 delictorum
708 658 859 742 indiciis,
895 675 931 730 et
960 629 1001 728 de
1038 655 1104 729 iliis
1124 599 1247 752 rcrip-

295 795 338 869 tis
360 798 597 866 instrumentis.
646 795 763 892 Quum
784 817 867 867 vero
889 798 922 866 in
943 817 1004 868 nrt.
1035 817 1111 888 154.
1132 797 1265 890 June-⁴

297 954 335 1048 to
380 933 458 1026 189.
498 933 589 1006 Cod.
635 935 741 1008 instr.
784 935 887 1007 crim.
922 935 964 1006 de
997 938 1268 1006 instrumento·'

295 1091 394 1154 tum,
416 1075 611 1164 praesertim
636 1095 679 1144 ex
703 1091 764 1142 art.
789 1091 866 1166 504.
881 1091 916 1144 et
941 1073 1023 1164 506.
1046 1075 1106 1143 cit.
1128 1075 1266 1164 scrip·'

297 1228 408 1282 torum
456 1213 682 1314 auctoritate,
729 1211 812 1302 ipsis
851 1211 986 1294 verbis,
1031 1209 1123 1281 nihil·
1144 1210 1243 1280 dica-

205 1447 208 1454 Δ
297 1367 373 1434 tur,
405 1352 561 1441 quaestio
586 1369 659 1420 orta
682 1348 769 1432 fuit,
803 1330 1080 1420 utrumillonrm
1113 1350 1261 1418 instru·'

299 1507 489 1560 mentorum
532 1491 583 1560 vis
620 1508 662 1560 ex
702 1488 776 1580 jure
816 1488 1009 1568 communi,
1050 1486 1093 1556 de
1128 1485 1242 1556 delic-

300 1629 344 1728 tip
373 1628 527 1718 scripto,
552 1628 597 1696 ita
623 1625 836 1696 aestimanda¹
849 1627 910 1710 sit,
935 1643 973 1696 ut
993 1624 1052 1694 illa
1073 1646 1134 1714 per
1152 1646 1243 1694 eon-

299 1767 390 1836 trarii
440 1765 677 1859 probationem
729 1763 920 1858 frangatur,
974 1784 1016 1832 nn
1057 1784 1140 1834 vero
1177 1762 1243 1832 illa

299 1907 520 1976 instrumenta
550 1902 723 1976 referenda
752 1905 820 1974 sint
848 1901 891 1974 ad
925 1899 1068 1972 classem
1095 1921 1240 1987 eorum,

300 2062 386 2134 quae
407 2021 427 2111 u
451 2044 623 2112 communi
643 2043 718 2136 jure
739 2059 819 2112 sunt
838 2059 999 2132 excepta,
1023 2060 1241 2132 quorumque

297 2181 418 2250 veritas
446 2180 634 2272 impugnari
669 2197 738 2248 non
767 2197 900 2272 potest,
935 2180 1000 2248 nisi
1042 2175 1131 2248 falsu¹
1159 2195 1239 2246 esse

238 2399 245 2412 „
294 2316 493 2410 probentur.

248 2437 254 2448 ’
346 2455 497 2528 Fuerunt
528 2455 587 2549 qui
616 2459 830 2549 putaverint,
867 2455 933 2528 tole
956 2431 1236 2538 instrumentum,

299 2570 327 2666 si
349 2617 427 2684 non,
442 2597 552 2688 ipsum
577 2596 745 2696 tribunal,
782 2598 838 2667 cui
871 2595 1037 2667 calumnia
1058 2594 1148 2666 facta
1164 2612 1236 2678 est,

298 2736 351 2806 vel
388 2738 416 2806 si
446 2736 631 2806 reverentia
661 2737 727 2826 ipsi
756 2735 870 2806 debita
898 2753 1026 2803 servnta
1052 2721 1235 2814 nonfuit,

296 2877 332 2945 in
356 2873 605 2967 delinquentem
626 2874 681 2968 jus
703 2874 848 2960 dixerit,
873 2872 967 2965 quod
988 2871 1064 2966 lege
1086 2882 1154 2965 505·
1176 2873 1235 2940 cir.

298 3015 525 3105 permittitur,
563 3012 622 3083 ubi
653 3011 694 3082 de
730 3011 857 3082 delicto
888 3011 968 3080 non¹
988 3032 1072 3080 vero
1102 3010 1144 3078 de
1171 3010 1237 3078 cri-

271 3157 387 3222 mine
418 3156 551 3248 agitur,
584 3171 654 3222 non
691 3149 803 3221 uliamv
825 3152 892 3220 vim
926 3149 1069 3232 habere,
1093 3148 1158 3217 nisi
1179 3146 1237 3216 de·

292 3313 360 3362 nun
381 3294 528 3363 iationis.

346 3431 483 3502 Adhuc
501 3452 584 3501 vero
606 3427 850 3520 responderunt
873 3425 956 3512 alii,
980 3428 1014 3496 in
1032 3443 1093 3496 art.
1112 3444 1184 3516 504
1202 3442 1238 3496 et

300 3588 368 3660 505
386 3571 460 3640 citt.
477 3573 523 3639 ita
530 3571 585 3664 jus
596 3568 826 3666 instrumenti,
849 3564 1040 3647 scribendi,
1065 3583 1099 3666 er
1118 3581 1237 3634 secun·

296 3702 1236 3810 dumlrocdereocognoucendi,tribunalidatumesse‚
