2800 4744
676 441 706 536 (
747 464 823 534 .1-14
870 439 893 534 )

355 677 458 754 Nunc
478 667 599 764 nobis,
622 693 666 750 ex
688 677 806 750 ordine
828 697 864 750 et
880 676 983 766 loco,
1006 673 1078 771 ouo
1096 678 1249 754 colloca·

311 837 362 892 tue
389 835 467 890 snnr
501 817 595 914 leges
618 814 754 890 Codicis
779 817 840 890 cir.
865 815 1048 890 dicendum
1081 817 1173 894 soret
1204 822 1248 898 de

307 957 577 1051 magistratibus,
601 952 712 1050 Regis
729 957 942 1048 procuratori
965 955 1168 1044 auxiliariis3
1189 975 1247 1030 vt·

307 1089 382 1168 rum
412 1096 482 1190 jum
512 1097 662 1187 possim,
692 1113 778 1188 qnae
809 1095 875 1166 sint
897 1091 1034 1168 illor'urn
1054 1095 1246 1168 auxiliario·

308 1255 383 1306 rum
407 1249 539 1328 partes,
573 1253 659 1328 quse
680 1230 823 1306 facultas
845 1251 882 1303 et
904 1249 1053 1327 potestus
1075 1236 1110 1306 in
1133 1235 1246 1308 crimi-

308 1374 409 1447 nibns
441 1371 616 1446 delictisve
649 1370 912 1466 investigandis,
948 1373 1032 1464 ipsis
1060 1371 1137 1467 lege
1165 1389 1247 1446 con·

308 1531 445 1596 cessae,
465 1511 636 1600 diximus;
650 1509 957 1605 quopropterutde
970 1508 1247 1605 illismagisttuti·

290 1653 392 1736 'bus,
416 1647 524 1746 Regis
546 1650 778 1744 procuratoris
799 1649 955 1734 vicarlis,
979 1666 1015 1720 et
1032 1649 1075 1720 rb
1094 1648 1147 1720 his
1166 1653 1248 1722 scri·

308 1792 429 1864 bendis
461 1791 691 1863 instrumentis
723 1787 766 1860 od
794 1787 936 1860 crimino
963 1802 999 1866 et
1021 1786 1144 1860 delicte
1168 1807 1248 1882 pro-

309 1929 440 2017 banda,
475 1929 533 2002 hic
564 1929 736 2010 dicantus,
770 1922 907 2028 inutile,
924 1925 1068 1998 videtur.
1127 1925 1249 2000 Licent

308 2057 392 2138 ver'o
413 2067 496 2136 mihi
521 2066 751 2156 superioribus
781 2062 1039 2150 verbouddere,
1063 2065 1250 2139 secundum

310 2203 420 2295 legem
441 2201 507 2272 diei
534 2205 578 2274 28
600 2219 706 2273 mens.
725 2203 911 2296 germinat
929 2221 970 2273 nn
991 2201 1032 2285 6,
1057 2201 1246 2288 militibus,

309 2343 452 2416 maxime
473 2337 664 2431 equitibus,
698 2341 740 2413 od
761 2345 923 2414 internam
944 2341 1135 2434 praesertim
1159 2342 1247 2413 ciul-¹

309 2481 386 2550 tatis
417 2481 611 2572 civiumque
656 2475 933 2574 tranquillitatem
968 2499 1003 2552 et
1032 2480 1246 2552 securitatem

308 2618 464 2691 tuendam
496 2619 815 2714 custodiendumque
847 2617 971 2701 lectis,
1008 2639 1094 2712 quos
1122 2615 1247 2690 Franci

308 2747 519 2852 gendarmrr
548 2755 742 2852 appellunt,
785 2775 821 2829 et
845 2759 904 2859 qui
930 2757 984 2830 his
1012 2758 1184 2830 substituti
1212 2759 1247 2827 in

309 2897 433 2994 Belgio
459 2915 554 2981 sunt,
589 2893 781 2990 equitibus,
826 2892 1098 2968 marechausier
1120 2895 1245 2979 dictis,

309 3037 519 3108 ordinatione
546 3036 612 3107 diei
637 3059 682 3108 no
705 3055 810 3106 mens.
832 3033 950 3106 Martii
971 3055 1025 3106 un.
1054 3036 1154 3126 1815.
1179 3031 1246 3124 (l)

308 3176 409 3248 etium
429 3175 575 3248 officium
589 3175 786 3268 impositum
798 3193 872 3245 esse
880 3171 1107 3246 nonnullisde
1118 3173 1244 3258 crusis,

927 3389 930 3394 ,
1195 3313 1245 3381 in·

345 3444 401 3521 (r)
426 3447 498 3510 unde
524 3449 674 3528 Bry'rregrel
692 3459 735 3508 tot
753 3444 801 3508 let
821 3446 982 3507 Sraartblad
1001 3463 1034 3506 en
1052 3445 1155 3522 officiet!
1164 3445 1246 3510 Jour-

306 3543 377 3598 rmal
390 3561 445 3600 van
464 3541 510 3602 lter
529 3543 687 3622 Koningrry'k
704 3543 753 3601 der
766 3539 971 3611 Nedertandcrt,
996 3553 1024 3600 te
1033 3539 1198 3600 Dordrecht
1209 3539 1244 3609 bij

308 3633 419 3696 Buussl
439 3649 474 3694 eu
485 3650 544 3696 vsu
554 3635 660 3696 Bnttrr
676 3637 823 3701 11.1).11.
841 3635 882 3698 St.
900 3649 962 3711 pag.
977 3649 1035 3711 qno
1051 3631 1245 3710 envoigerde.
