2804 4734
633 459 824 574 (⁶6)

252 717 453 800 videturne,
487 713 640 788 iterando
671 711 845 811 corrigere
871 731 909 787 et
935 715 1133 823 emendare,
1164 733 1206 789 er

253 861 339 948 quoe
370 875 391 926 a
423 873 460 924 se
484 873 559 925 retu
586 867 664 926 snut
694 856 948 941 instrumentis,
979 855 1070 949 justu
1093 855 1203 927 sormi

252 995 419 1086 scriptis,
467 993 695 1088 consignate3
738 995 768 1064 si
806 992 944 1087 quidem
989 993 1086 1086 quod
1131 1013 1205 1065 nott

251 1135 318 1204 tite
354 1151 389 1204 et
432 1149 552 1204 contra
595 1131 763 1216 formum,
803 1151 825 1203 o
858 1129 969 1226 Regis
1001 1150 1203 1223 procuratos

251 1289 308 1357 re,
332 1289 391 1340 out
423 1268 494 1340 ulio
529 1271 586 1342 cni
608 1269 691 1343 -hoc
723 1269 802 1364 lege
834 1267 949 1342 dotum
979 1287 1052 1355 est,
1085 1289 1203 1342 ectum

252 1383 460 1501 seripmmve
493 1409 556 1492 sit,
581 1405 669 1480 illud
690 1426 834 1502 posteo,
877 1408 958 1481 dum
980 1429 1079 1482 causo
1100 1407 1204 1480 etlis

250 1547 480 1634 instruontur,
504 1567 523 1617 o
547 1546 662 1640 judice
679 1545 849 1618 emendati
868 1546 1015 1638 amplius
1036 1565 1202 1639 nequentg

250 1687 314 1756 nisi
337 1689 427 1757 enim
449 1685 518 1758 noc
542 1685 670 1760 fuceret
688 1685 811 1780 judex,
836 1683 896 1756 illa
919 1704 1039 1758 consue
1056 1686 1202 1758 instruo

252 1826 303 1897 tio
333 1843 368 1896 et
399 1824 471 1896 litis
502 1825 672 1898 ordinatio
709 1823 846 1896 inutiles
875 1842 912 1896 et
942 1822 1056 1896 nullae
1087 1823 1203 1896 forent

249 1951 425 2036 nicendae'.
451 1957 520 2054 (1)

299 2101 464 2173 Ceterum
509 2101 538 2168 si
573 2102 631 2200 cui
660 2099 834 2186 videatur,
868 2099 962 2196 leges
987 2121 1058 2173 nou
1082 2119 1203 2172 omnes

250 2257 360 2329 oeque
391 2238 572 2328 perspicue
603 2238 748 2330 scriptas
778 2259 875 2324 esse,
921 2259 1008 2332 quoe
1046 2258 1203 2334 spectant

250 2375 366 2469 Regis
391 2352 673 2466 procuratorem,
705 2377 739 2446 in
763 2379 804 2447 iis
828 2380 976 2450 muneris
999 2381 1052 2451 sui
1074 2381 1205 2474 gmvist·

250 2513 340 2585 simi'
361 2513 616 2600 functionibus,
651 2515 699 2586 ob
734 2536 818 2608 quas
852 2515 1037 2609 aliquando
1063 2517 1104 2588 ad
1132 2519 1204 2590 cti·¹

251 2653 341 2723 mino
375 2653 628 2748 investigtnda,
670 2671 706 2723 et
740 2674 826 2746 quoe
859 2654 1048 2746 pleniorem
1082 2644 1204 2730 consae

252 2811 288 2864 et
306 2837 308 2842 -
326 2792 397 2864 litis
432 2787 679 2864 ordinationem
713 2793 784 2864 sive
818 2793 1078 2866 instructionem
1107 2814 1202 2867 onte-

249 2931 402 3018 cedunt‚
446 2931 636 3027 peragenda
658 2931 868 3018 admittitur,
909 2931 993 3004 licet
1013 2936 1202 3028 generatim

249 3071 293 3142 ab
313 3070 382 3144 hoe
396 3073 549 3166 ‘negotio
571 3088 745 3152 arceatur,
771 3091 841 3140 non
855 3071 1012 3164 estquod
1034 3071 1086 3144 ilii
1099 3072 1199 3144 oblo-

249 3231 403 3302 quumut.
459 3209 519 3280 Sin
547 3230 653 3297 vero,
696 3211 892 3302 utsupra,
922 3209 964 3280 ad
988 3213 1203 3303 optimorum

244 3346 333 3441 iuris
359 3350 584 3442 interpretum
613 3346 833 3440 exemptum,
869 3347 983 3421 facere
1006 3353 1121 3423 conati
1144 3371 1199 3423 su·

1102 3511 1197 3577 mus,
1253 3483 1257 3488 ’

229 3623 232 3632 '
285 3630 341 3712 (t)
359 3611 426 3697 vrt'.
444 3613 588 3713 cmm,
606 3639 634 3698 n
652 3655 702 3717 op.
720 3603 851 3726 ιιιιᾱζιιῤΙ
864 3653 914 3704 ttt.
932 3639 981 3734 oo,
