2800 4744
515 463 537 560 (
588 483 653 559 127
688 419 723 553 ι)

148 712 252 774 testes
274 700 457 794 proborum·
508 699 564 770 Ab
590 697 666 772 'hoe
699 716 782 770 vtro
814 697 989 770 communi
1014 695 1091 792 jure

146 827 371 932 exceptiones
401 837 583 930 aliquando
605 836 742 930 iegibus
765 836 1002 922 admittuntur,
1037 855 1091 908 se-

146 979 299 1054 cundum
329 997 411 1071 ques
444 993 534 1050 tsnts
555 975 694 1066 quidem
715 976 766 1044 vis
785 974 950 1064 probandi
973 976 1090 1046 tribui·

147 1135 226 1202 tur,
256 1133 348 1184 tanta
359 1131 539 1184 suctorttss
557 1129 594 1184 et
605 1109 689 1183 fides
701 1110 841 1181 hebetus
859 1097 1089 1198 dooumentis,

144 1275 167 1326 s
191 1253 298 1326 certis
319 1247 518 1324 officialibus
536 1268 571 1322 et
591 1251 764 1322 actoribus
787 1248 935 1340 publicis
955 1248 997 1318 de
1018 1267 1091 1321 set·

146 1393 196 1476 tis
219 1387 377 1476 delictis,
406 1388 600 1462 secundum·
615 1405 723 1462 certus
750 1386 843 1482 leges
872 1388 1025 1479 scriptis,
1054 1407 1093 1460 ut

145 1533 232 1604 non
268 1526 333 1600 alit
361 1529 520 1609 contrarii
553 1526 714 1621 probatio
741 1525 952 1612 admittatur,
986 1543 1092 1620 -quum

144 1687 238 1762 quae
263 1665 338 1751 fist,
368 1664 537 1759 prolatum
554 1668 811 1738 instrumentum
840 1683 1008 1758 tamquam
1030 1663 1094 1736 sui·

147 1817 227 1878 sum
248 1803 491 1898 redarguendo.
539 1801 744 1898 Huiusmodi
757 1805 1093 1896 exceptioniseuem·

146 1943 248 2038 plum
269 1961 321 2014 est
345 1963 367 2012 n
390 1943 642 2028 instrumentis,
676 1962 753 2016 cum
774 1940 994 2028 annuntio,
1020 1961 1092 2018 tum

148 2085 256 2154 etiam
284 2080 327 2152 ab
357 2079 432 2152 aliis
452 2079 494 2152 de
521 2079 680 2168 delictis,
716 2083 973 2174 qusenetssium
994 2101 1091 2176 spec·

148 2239 246 2302 tunt,
284 2221 432 2314 scriptis.

199 2355 416 2444 Discrimen,
438 2356 552 2452 quod,
587 2358 615 2428 si
639 2356 681 2428 de
701 2355 837 2432 delictis
854 2360 1092 2433 communibus

147 2515 294 2592 agnou,
325 2497 401 2590 jure
418 2493 603 2568 2Ftsntico
632 2515 712 2584 est,
759 2498 848 2568 inter
869 2497 1092 2592 fidemqutm

148 2633 210 2706 lex
240 2633 359 2703 tribuit
390 2633 618 2734 instrumentis
648 2632 690 2703 de
719 2631 856 2705 delictis
883 2637 1001 2704 stricte
1021 2635 1093 2707 dic·

151 2739 197 2843 tis
227 2767 420 2853 confectis,
454 2787 489 2839 et
516 2769 603 2838 inter
629 2787 702 2839 earn
726 2789 811 2862 quse
832 2770 957 2864 judicis
977 2773 1094 2844 ¹animo

151 2929 187 2982 et
217 2908 447 2982 conscientiae
473 2903 692 2997 relinquitur,
718 2906 778 2978 ubi
801 2911 956 2999 quaestio
978 2928 1030 2982 est
1051 2911 1094 2982 de

153 3049 314 3133 erimine,
343 3045 412 3139 jum
434 3065 533 3138 supra
554 3043 786 3116 indicavimus.
835 3044 962 3142 Quaeri
984 3068 1110 3126 autem,
1178 3119 1185 3131 ,

153 3204 292 3278 potest,
323 3204 364 3256 sn
386 3185 432 3258 ita
461 3201 555 3256 recte
576 3183 651 3278 jure
673 3181 841 3256 Francico
863 3185 1094 3282 distinguatur.

155 3323 255 3402 Licet
283 3343 365 3394 veto
391 3321 580 3417 negsndum
599 3341 677 3392 non
702 3304 875 3409 uideatur,
911 3326 1096 3418 generatim
1153 3379 1157 3382 -

154 3429 316 3558 majorem
340 3459 441 3532 fidem
472 3461 659 3534 habendam
687 3481 760 3532 esse
779 3461 1010 3552 documentis,
1038 3485 1097 3538 so·

154 3600 311 3674 lemniter
332 3598 549 3696 sc..legitims
571 3597 614 3673 ab
637 3599 888 3692 iisconfectis,
918 3605 983 3698 qui¹
997 3603 1041 3678 od-
1060 3604 1097 3677 id

1031 3761 1096 3833 pu.
