2800 4744
650 437 867 546 (ια)

290 683 493 774 scriptomm
524 679 570 754 ab
599 679 803 754 officialibus
833 678 1007 774 publicis,
1039 681 1099 776 qai
1129 680 1174 753 ad
1198 681 1236 754 id

289 837 367 892 aunt
382 820 584 906 constituti,
611 837 653 890 ut
676 822 762 890 certi
783 819 957 914 cujusdam
969 823 1102 914 generis
1125 819 1235 892 delic-

287 977 347 1046 ta,
373 977 446 1030 non
468 957 626 1030 vernalia
639 959 864 1052 investigent,
894 975 1001 1052 eaque
1022 979 1084 1050 per
1107 960 1236 1050 scripta

291 1095 498 1172 documenta
531 1097 714 1188 perspicua
736 1095 891 1180 faciant,
934 1114 1099 1187 quatenus
1130 1093 1234 1203 timui

289 1237 488 1310 contineant
518 1236 742 1310 narrationem
773 1233 815 1304 de
839 1231 974 1318 delictis
997 1251 1117 1310 contra
1139 1236 1236 1328 ipsos

286 1374 467 1460 admissis,
493 1373 574 1446 dum
598 1393 735 1446 munere
758 1370 1000 1466 fungebantur.
1092 1445 1095 1450 ,
1216 1441 1220 1450 ,

338 1511 416 1586 Nee
447 1513 542 1608 juvat
571 1531 636 1586 nec
662 1509 746 1582 utile
777 1509 933 1595 videtur,
969 1510 1076 1582 variar
1097 1529 1240 1588 enume-

286 1671 388 1738 rare,
426 1671 511 1744 quas
542 1648 594 1722 ilii
629 1647 777 1744 allegant
804 1646 1020 1729 tribunalium
1053 1651 1237 1720 sententiaa

291 1789 335 1864 de
374 1792 572 1882 quaestione
609 1789 798 1881 proposita.
865 1783 956 1858 illud
989 1805 1100 1858 autern
1131 1787 1237 1868 nobie

289 1927 620 2010 animadvertendum
667 1926 833 2012 videtur,
879 1926 907 1994 si
940 1927 996 1996 cui
1031 1927 1077 1996 ita
1107 1927 1238 2008 crimen

284 2068 409 2156 tstricte
441 2065 571 2138 dictum
603 2065 812 2154 imputetur,
842 2061 1052 2140 ¹liberrimam
1085 2083 1158 2134 esse
1178 2065 1237 2158 ju·-

280 2203 360 2274 uici
372 2203 480 2272 datam
500 2218 703 2294 potestatem
716 2203 975 2284 ,instrumento
987 2204 1115 2292 scripto
1127 2221 1232 2292 quam

284 2339 375 2412 uelit
408 2338 509 2412 fidem
539 2337 675 2432 habere.
732 2339 839 2434 Quod
873 2339 915 2411 ad
937 2339 1059 2412 delicta
1090 2339 1231 2426 attinet,

286 2497 361 2552 nou
394 2478 511 2552 eadem
535 2497 668 2571 semper
699 2477 766 2550 suit
800 2478 1016 2572 tribunalium
1048 2479 1234 2562 sententia,

291 2639 335 2692 ne
363 2618 469 2712 ipsius
504 2616 641 2710 quidem
674 2616 852 2688 tribunalis
887 2619 1095 2710 superiorum
1131 2637 1237 2711 quan·

292 2757 475 2850 doquidem
499 2754 680 2848 aliquando
704 2753 769 2827 fuit
784 2755 996 2850 judicatum,
1030 2755 1170 2828 eandem
1195 2754 1239 2828 ad

292 2895 419 2970 delicta
462 2893 522 2966 illu
554 2893 729 2988 probanda
760 2895 829 2966 vim
861 2894 984 2966 habere
1026 2894 1085 2966 ilia
1115 2898 1238 2968 instru-

292 3054 428 3120 menta,
464 3054 564 3126 quam
598 3053 685 3125 quae
709 3034 793 3126 ipsis
825 3035 984 3116 tribuitur
1011 3035 1045 3104 in
1069 3037 1237 3129 negotiis,

283 3172 342 3262 ‚ob
370 3192 457 3266 quae
492 3173 618 3262 scripta
649 3189 738 3242 sunt.
793 3169 988 3264 Aliquando
1012 3191 1095 3242 vero
1119 3191 1239 3244 contra

289 3311 477 3406 judicatum
512 3309 600 3397 fuit,
641 3309 882 3382 noneandem
916 3309 1016 3382 fidem
1050 3309 1239 3381 habendam

291 3469 364 3520 esse
394 3427 658 3533 inatrumentis,
695 3447 729 3517 in
760 3446 884 3540 quibus
920 3447 961 3518 de
1003 3445 1137 3518 delictis
1187 3449 1238 3518 di·

292 3587 383 3657 citur
419 3586 519 3673 aliis,
579 3607 678 3684 quant
720 3587 764 3660 ad
806 3608 892 3682 quae
935 3580 1165 3681 investiganda
1205 3589 1239 3656 in

1173 3745 1241 3815 PU·
