2804 4734
654 445 927 549 (tii''

689 729 813 827 srv.
890 693 921 714 ”
1020 693 1026 706 ’

277 967 337 1046 De
347 966 669 1042 instrumentorum
679 1017 692 1054 ,
703 979 857 1062 propter
877 961 1035 1038 crimitta
1047 977 1082 1038 et
1093 962 1232 1040 delicta

313 1107 578 1182 scribendorum
599 1105 647 1180 ab
669 1107 764 1187 illis,
788 1103 915 1202 quibus
933 1100 997 1176 boc
1014 1105 1192 1200 negotium
1210 1139 1214 1146 ·

350 1249 428 1346 lege
444 1246 574 1322 darunt
593 1261 664 1336 est,
689 1242 892 1346 definitione
910 1261 955 1318 ac
974 1239 1175 1316 tir'rt'tt'mrt.¹

326 1503 401 1632 jam
434 1543 535 1620 supra
565 1521 682 1618 verbo
707 1521 878 1608 diximus,
918 1519 977 1594 iila
1008 1521 1231 1594 iustrumenta
1292 1509 1301 1521 ‘

281 1683 345 1758 per
376 1631 463 1756 quae
497 1663 627 1736 crimen
653 1645 713 1732 'vel
745 1660 909 1734 delictum
936 1662 1154 1754 perspicuum
1178 1659 1231 1731 fa·-

281 1804 379 1904 ciunt
399 1799 556 1874 nonnulli
576 1821 655 1874 cum
665 1801 900 1896 magistratus,
924 1819 996 1872 tum
1018 1798 1077 1870 alii
1095 1798 1231 1892 publici
1290 1793 1295 1828 ³

283 1915 440 2026 actores,
475 1940 511 2010 vi
535 1939 746 2032 magistratus
768 1957 804 2010 et
824 1939 971 2012 muueris
992 1960 1063 2031 quo
1083 1936 1231 2032 fungun-

285 2097 363 2162 tur,
393 2077 449 2148 vel
471 2065 550 2148 talia
572 2065 666 2162 esse,
697 2097 784 2169 quae
803 2097 847 2149 ex
867 2079 1041 2149 communi
1060 2075 1139 2172 lege
1160 2077 1232 2148 sive

286 2179 446 2298 Codice,
486 2213 529 2284 de
547 2215 814 2314 ,quaestionibus
830 2225 833 2230 '
848 2217 1029 2288 criminum
1043 2229 1047 2238 '
1062 2233 1098 2286 et
1125 2213 1233 2286 delic-
1286 2203 1290 2211 ’

287 2332 405 2450 torum
429 2352 651 2451 instruendis,
687 2371 723 2424 et
741 2373 885 2448 propter
902 2355 1096 2427 communia
1119 2355 1235 2426 crimi-

287 2513 331 2564 na
357 2509 396 2586 et
422 2488 548 2564 delicta
574 2491 827 2578 conficiuntur,
858 2491 913 2566 vel
941 2491 1044 2578 talia,
1067 2489 1235 2586 'quae'·‘,ex
1287 2514 1292 2522 ’

286 2628 448 2725 singulari
478 2629 592 2723 aliqua
619 2629 696 2725 iege
726 2649 761 2702 et
783 2629 831 2702 ob
860 2630 1028 2727 singulare
1047 2630 1234 2719 delictum,
1284 2645 1291 2659 “

289 2773 436 2842 maxime
465 2767 573 2854 iliud,
609 2789 681 2862 quo
710 2771 841 2842 aerario
862 2769 1145 2864 publico'aliqua
1166 2769 1238 2846 illi.¹
1286 2879 1293 2888 ‚
1399 2789 1400 2822 t

288 2913 358 2983 cita
382 2912 512 2982 tatione
535 2927 717 2994 noceatur,
740 2907 790 2979 ab
812 2910 855 2980 iis
877 2928 955 2982 sunt
978 2909 1155 2983 scribenda
1176 2911 1235 3005 qui
1287 2927 1291 2937 ·

288 3067 389 3123 certo
411 3048 546 3121 cuidam
565 3049 697 3120 muneri
719 3061 809 3138 sunt,¹
817 3051 1015 3142 praepositi.
1035 3059 1040 3070 “
1153 3065 1155 3070 '

338 3186 439 3260 Ordo
473 3207 586 3258 autem
609 3186 760 3280 flagitate
780 3184 941 3273 videtur,
956 3207 995 3259 ut
1022 3189 1171 3281 primum
1194 3185 1239 3260 de
1283 3181 1293 3214 ³

290 3307 363 3400 illis'
373 3375 386 3412 ,
421 3323 542 3398 deinde
574 3345 657 3397 vero
690 3324 732 3398 de
766 3324 818 3397 his
845 3325 1075 3398 instrumentis
1097 3329 1240 3400 seorsim
1276 3317 1289 3354 '¹
1399 3423 1400 3432 Ν

287 3483 439 3558 ῳιπιιε.
502 3462 593 3536 Ante
623 3483 705 3534 vero
729 3485 829 3556 quant
851 3463 893 3536 ad
916 3464 985 3536 hoe
1009 3475 1239 3553 transeamus,

291 3600 569 3675 constituendum
592 3601 743 3692 videtur,
775 3581 861 3698 guae
882 3603 926 3682 sit
944 3573 1150 3706 geuemliuri
1163 3609 1241 3700 ‘sig-

1189 3763 1242 3817 m·
